2100 2884
991 199 1016 234 S

104 309 291 351 servavit1),
317 310 362 340 ita
383 308 486 340 Cicero
508 307 696 349 profectione
725 317 781 338 sua
811 316 959 346 augures,
988 315 1096 346 quum,
1122 304 1167 336 illi
1189 307 1225 336 ut
1245 304 1394 346 templum
1417 304 1591 344 effarentur,
1613 302 1758 336 efficeret.
1790 304 1908 344 Quodsi

103 360 193 393 Codri
215 370 326 391 nomen
355 360 386 390 in
415 358 528 390 litteris
552 360 727 390 ΚΟΡΛΟΥ
750 358 852 387 inesse
874 357 1054 395 statuimus,
1083 355 1156 396 quid
1184 356 1214 386 in
1245 354 1357 386 litteris
1379 357 1496 387 MIAC'
1514 354 1626 393 lateat,
1657 357 1756 385 restat
1777 359 1812 387 ut
1833 366 1907 388 con-

103 412 259 443 stituatur.
291 409 350 440 Hic
371 409 448 440 mihi
470 420 490 440 a
509 419 582 440 vero
604 408 687 439 haud
710 407 833 448 longius
855 406 1016 438 aben-asse
1037 406 1154 443 videar,
1176 406 1203 437 si
1217 404 1405 437 vocabulum
1423 407 1563 437 OIMOC
1582 405 1612 435 in
1628 403 1795 446 archetypo
1809 405 1907 438 fuisse

104 462 279 494 coniiciam:
307 459 412 491 littera
428 463 454 491 Ο
471 460 595 500 saepius
618 459 734 489 omissa
757 460 814 494 est,
836 457 970 488 maxime
992 460 1065 488 ante
1088 455 1171 488 Clit.
1194 457 1226 487 in
1249 455 1352 487 codice
1373 458 1419 493 M,
1441 454 1539 486 veluti
1559 454 1584 495 1,
1608 456 1657 494 16,
1681 455 1720 486 15
1743 455 1906 499 φιλσοφη-

100 515 184 549 τέον,
206 511 276 551 ΧΠ,
299 511 349 544 38.
371 511 406 550 4,
437 513 465 541 K
471 512 548 540 17¹0
567 508 698 549 (Κῦρος)
721 518 778 539 nec
805 518 874 539 eam
901 512 973 538 ante
1002 506 1138 538 litteram
1163 509 1189 538 C
1209 506 1358 537 excidisse
1379 506 1490 536 mirum
1512 509 1569 537 est.
1622 505 1669 536 Ex
1697 504 1810 537 litteris
1831 517 1906 540 vero

102 564 214 594 OIMG
232 561 330 593 altera
352 571 471 602 quoque
493 559 595 590 littera
616 561 642 589 Ο
668 560 785 590 omissa
811 558 955 590 facillime
982 558 1054 589 oriri
1075 558 1177 599 potuit
1204 557 1304 588 forma
1328 558 1453 593 MlAC,
1484 566 1576 597 quam
1599 555 1664 586 eod.
1686 555 1727 587 M.
1755 555 1904 597 perhibet.

101 613 184 654 Ergo
205 609 304 651 ,οἶμος
328 610 465 651 Δίἱδρουι
489 609 582 640 velim
605 608 772 640 scribatur:
796 613 899 649 ,eatur
921 609 1031 639 semita
1058 607 1173 647 Codii‘,
1197 607 1277 648 quod
1300 606 1425 648 quidem
1453 606 1573 646 Cicero,
1596 606 1716 647 opinor,
1738 607 1904 640 subridens

101 662 243 704 idemque
266 662 469 703 ingemiscens
491 661 622 701 scripsit,
645 670 740 701 quum
762 659 868 700 templi
890 657 1001 690 cffandi
1029 659 1211 699 auguriique
1234 657 1346 699 agendi
1369 668 1463 689 causa
1483 657 1616 688 Romam
1643 658 1726 687 esset
1750 658 1903 697 profectu—

102 724 164 745 rus.
204 713 336 744 Codrum
365 715 468 743 autem
496 711 718 742 Atheniensem
743 711 837 741 Attici
864 709 913 740 sui
940 709 1041 750 gratia.
1070 709 1335 748 commemoravit,
1365 709 1416 749 qui
1438 708 1539 739 iocum
1562 706 1729 746 Ciceronis,
1758 709 1830 748 quin
1853 719 1906 740 ex-

105 763 218 805 templo
242 762 382 799 senserit,
405 772 467 793 non
490 761 616 792 dubium
639 764 696 792 est.

202 814 350 844 Venimus
370 813 432 843 iam
452 812 490 842 ad
511 812 580 843 libri
596 812 652 843 XV
675 810 840 852 epistulam
858 812 1001 851 primam,
1019 811 1051 841 in
1075 820 1136 851 qua
1155 808 1258 841 Cicero
1278 821 1372 851 quum
1395 809 1457 841 alia
1479 813 1544 841 tum
1565 807 1725 839 mulierem
1751 808 1907 848 quandam

102 867 329 903 commemorat,
341 872 429 904 quae,
441 866 476 893 ut
491 862 650 894 Sehutzius
664 862 832 893 rectissime
845 861 995 902 exposuit,
1011 871 1030 891 a
1045 860 1188 891 Cicerone
1202 859 1328 891 laudata
1340 860 1484 901 sperabat
1498 861 1572 899 fore,
1591 863 1624 890 ut
1635 859 1701 889 eius
1712 867 1789 889 uxor
1804 858 1905 892 fieret:

202 914 337 953 ,Istam
368 923 478 949 vero,
510 923 625 954 quam
652 912 727 943 tibi
754 912 969 943 molestam
997 910 1145 942 scribis
1173 921 1277 950 esse,
1305 910 1484 942 auditam
1514 922 1534 943 a
1560 916 1597 944 te
1625 924 1713 946 esse
1742 911 1906 943 Omnino

101 965 285 996 demiror.
353 963 446 994 Nam
478 963 581 1004 quod
614 973 696 994 eam
729 962 971 994 collaudavi
1001 960 1117 1002 apud
1146 961 1296 992 amicos
1328 961 1592 995 audientibus
1627 965 1761 996 tribus
1797 961 1907 994 filiis

101 1017 189 1047 eius
211 1018 249 1046 et
274 1013 368 1045 filia
390 1017 457 1044 tua
478 1013 498 1050 †
523 1015 850 1044 TOECTOYOY
872 1012 966 1053 quid
988 1015 1048 1043 est
1070 1010 1165 1042 hoc?
1194 1011 1284 1052 quid
1307 1015 1368 1043 est
1390 1016 1536 1052 autem,
1567 1024 1634 1045 cur
1655 1026 1681 1047 e.
1703 1027 1731 1056 q.
1755 1016 1790 1046 s.‘
1847 1013 1907 1044 Hie

100 1067 234 1108 primum
260 1064 356 1096 verba
384 1063 437 1094 illa
471 1063 560 1104 ,quid
589 1066 636 1094 est
664 1062 754 1094 hoe‘?
788 1064 868 1094 tueri
889 1072 993 1094 meum
1022 1065 1086 1101 est,
1124 1072 1202 1102 quae
1229 1061 1448 1104 Wesenbergio
1482 1067 1607 1096 auctore
1635 1076 1654 1097 a
1686 1063 1907 1097 recentioribus

101 1115 273 1148 editoribus
300 1116 387 1146 uncis
415 1113 534 1145 inclusa,
561 1118 642 1144 sunt.
698 1113 909 1155 Wesenbergii
936 1112 1031 1143 verba
1056 1113 1123 1143 Em.
1151 1123 1180 1153 p.
1204 1113 1263 1144 118
1290 1112 1366 1143 haec
1393 1117 1479 1144 sunt:
1519 1116 1671 1156 ,suspicor
1696 1127 1749 1148 vv.
1811 1114 1909 1156 ,Quid

101 1170 150 1198 est
175 1165 247 1198 hoc‘
274 1166 306 1196 in
333 1164 422 1196 Areh.
451 1164 590 1196 codicum
611 1175 641 1203 y.
665 1175 689 1195 z.
711 1164 772 1195 Md.
800 1168 876 1195 nata
903 1174 971 1195 esse
997 1174 1034 1194 ex
1062 1162 1227 1204 marginali
1254 1162 1370 1194 librarii
1396 1163 1526 1195 alicuius
1546 1165 1805 1208 interrogatione,
1834 1164 1908 1207 quid

101 1220 278 1258 corruptum
308 1215 384 1246 illud
417 1216 718 1251 ,TOEKTOYOW
748 1214 901 1256 significet
929 1214 1009 1255 (sive
1039 1215 1121 1244 enim
1151 1224 1188 1244 ex
1218 1214 1316 1254 ipsius
1348 1213 1501 1245 Ciceronis
1535 1225 1666 1255 persona
1693 1218 1759 1248 sive
1787 1227 1824 1248 ex
1852 1216 1907 1247 At-

101 1268 154 1299 tici
183 1267 265 1298 dicta
290 1270 377 1306 suut,
407 1276 476 1296 cum
503 1276 586 1307 seqq.
654 1265 749 1305 ,Quid
777 1269 825 1296 est
851 1266 969 1296 autem‘
992 1289 1000 1296 .
1023 1289 1031 1296 .
1053 1288 1062 1296 .
1083 1274 1192 1305 parum
1218 1269 1288 1305 apte
1317 1263 1498 1301 cohaerent:
1528 1264 1580 1296 cfr.
1610 1266 1696 1298 Fam.
1725 1267 1780 1307 111,
1811 1266 1860 1306 11,
1888 1265 1908 1296 2

101 1319 156 1350 ubi
183 1319 216 1349 in
247 1316 312 1348 cod.
343 1316 507 1348 Graeviani
536 1320 711 1348 contextum
740 1319 895 1357 receptum
923 1320 988 1347 erat
1019 1315 1185 1356 ,proprium
1214 1324 1326 1345 nomen
1356 1314 1446 1354 fuit‘,
1477 1315 1509 1346 in
1537 1317 1709 1358 antiquiore
1738 1317 1840 1358 aliquo
1869 1315 1911 1347 ad

103 1370 148 1408 ,si
173 1367 244 1399 illa‘
283 1367 469 1408 adscriptum
496 1367 518 1407 ).
545 1367 603 1398 His
631 1367 774 1398 assentiri
807 1376 942 1407 nequeo:
974 1367 1105 1407 primum
1137 1366 1217 1396 enim
1248 1364 1390 1396 omnibus
1419 1364 1459 1396 ad
1487 1376 1582 1397 unam
1611 1367 1751 1408 epistulis
1778 1367 1818 1399 ad
1847 1367 1909 1398 Att.

103 1419 299 1462 perlustratis
321 1417 440 1448 nullum
462 1417 563 1448 locum
585 1428 729 1459 graecum
751 1418 866 1455 inveni,
898 1426 957 1457 quo
981 1427 999 1447 a
1020 1415 1146 1446 librario
1169 1415 1330 1446 dubitante
1353 1416 1577 1457 interrogatum
1600 1422 1690 1458 esset,
1721 1417 1795 1460 quid
1816 1415 1912 1448 verba

103 1480 215 1512 graeca
236 1469 294 1501 sibi
316 1468 442 1508 vellent,
464 1469 495 1499 in
519 1468 630 1509 quibus
651 1468 755 1499 verbis
777 1468 895 1499 affatim
917 1466 1097 1497 mendorum
1121 1476 1189 1497 esse
1212 1476 1450 1497 commemorare
1473 1477 1735 1508 supervacaneum
1758 1471 1814 1499 est.
1856 1466 1910 1498 Li-

101 1521 197 1552 brarii
219 1520 301 1550 enim
322 1518 442 1550 litteras
469 1529 595 1559 graecas
618 1519 783 1560 depingere
805 1519 883 1550 satis
904 1517 1060 1548 habebant
1085 1517 1280 1557 minimeque,
1309 1516 1381 1557 quid
1409 1516 1480 1547 illae
1509 1518 1728 1559 significarent,
1751 1517 1909 1557 curabant,

103 1569 184 1613 quod
206 1569 288 1601 idem
309 1574 340 1600 et
361 1569 558 1601 multitudine
581 1573 612 1600 ct
634 1580 744 1610 genere
767 1568 947 1600 mendorum
969 1567 1124 1609 probatur.
1166 1566 1285 1598 Deinde
1304 1577 1367 1598 non
1390 1567 1536 1608 intelligo,
1560 1579 1612 1600 cur
1632 1569 1729 1600 verba
1750 1568 1805 1599 illa
1827 1567 1911 1609 ,quid

103 1625 151 1653 est
176 1620 250 1652 hoc‘
278 1630 385 1661 parum
413 1623 483 1660 apte
511 1619 697 1651 cohaereant
723 1630 793 1651 cum
820 1618 924 1650 verbis
954 1618 1042 1660 ,quid
1065 1622 1113 1649 est
1134 1622 1239 1649 autem
1261 1627 1287 1648 e.
1311 1629 1339 1658 q.
1362 1619 1397 1648 S.‘
1441 1618 1538 1649 Immo
1567 1619 1663 1651 verba
1691 1629 1802 1661 graeca
1828 1622 1910 1649 recte

103 1682 137 1704 se
158 1671 188 1703 h.
210 1670 232 1702 l.
254 1669 368 1701 habere
390 1672 489 1712 iisque
511 1671 704 1701 enuntiatum
728 1669 867 1701 concludi
890 1670 1011 1700 etiamsi
1034 1669 1172 1707 sumitur,
1201 1672 1305 1699 tamen
1332 1669 1429 1700 verba
1459 1668 1541 1710 ,quid
1564 1673 1610 1700 est
1634 1669 1733 1701 hoc‘?‘
1763 1679 1831 1700 cum
1855 1669 1910 1707 eis,

106 1732 186 1764 quae
207 1725 387 1762 sequuntur,
410 1721 487 1752 benc
503 1720 680 1752 cohaerent:
704 1720 808 1752 Cicero
831 1739 872 1742 —
895 1720 1029 1751 dicemus
1050 1738 1091 1742 —
1111 1723 1274 1759 postquam
1298 1729 1394 1750 unum
1409 1720 1511 1759 Attici,
1534 1719 1615 1759 quod
1634 1720 1727 1751 istam
1750 1719 1910 1750 mulierem

104 1772 319 1811 collaudasset,
344 1771 538 1812 opprobrium
562 1772 675 1810 reiecit,
707 1781 775 1802 cum
798 1770 931 1802 elatione
954 1769 1086 1811 quadam
1108 1770 1204 1800 animi
1225 1769 1344 1800 addidit
1365 1769 1477 1801 verba:
1508 1770 1591 1810 ,quid
1613 1776 1660 1801 est
1682 1770 1769 1802 hocT‘
1801 1769 1911 1800 deinde

105 1823 144 1854 ad
166 1821 297 1854 alterum
321 1825 351 1853 et
374 1823 499 1862 gravius
521 1821 721 1853 refellendum
743 1825 956 1862 transgressus
982 1821 1097 1861 pergit:
1121 1820 1204 1861 ,quid
1227 1824 1274 1850 est
1296 1823 1400 1850 autem
1423 1830 1448 1851 e.
1472 1832 1499 1861 q.
1523 1822 1557 1851 s.‘
1580 1839 1621 1843 -
1643 1824 1747 1852 autem
1769 1820 1913 1862 exprimit

105 1873 282 1916 quaerentis
304 1873 452 1913 impetum
475 1876 506 1903 et
526 1871 754 1903 vehementiam
776 1872 829 1903 cfr.
852 1871 953 1902 Hand.
977 1870 1106 1902 Tursell.
1130 1871 1143 1901 Ι
1163 1882 1191 1911 p.
1207 1870 1269 1902 575
1296 1888 1336 1892 —
1358 1881 1418 1911 quo
1441 1870 1549 1901 doceat
1571 1881 1604 1901 se
1627 1871 1704 1902 nihil
1725 1870 1807 1902 ultra
1823 1874 1910 1902 aeta-

105 1928 167 1956 tem
189 1934 278 1955 suam
300 1923 420 1954 fecisse.
463 1922 524 1954 Sed
547 1927 581 1954 ut
603 1923 744 1964 equidem
766 1923 913 1963 suspicor,
937 1922 1130 1952 enuntiatum
1153 1920 1239 1959 illud,
1263 1920 1345 1962 ,quid
1362 1925 1409 1951 est
1426 1920 1515 1952 110οἶἰ
1539 1920 1680 1952 absolute
1701 1932 1764 1953 non
1786 1921 1910 1959 dictum,

105 1975 159 2006 sed
183 1973 352 2006 arctissime
376 1984 444 2004 cum
467 1973 526 2011 cis,
550 1984 627 2014 quae
650 1973 848 2011 antecedunt,
872 1971 1118 2013 coniungentium
1141 1976 1204 2010 est,
1234 1971 1277 2001 ita
1305 1975 1340 2002 ut
1362 1971 1516 2012 periodus,
1538 1982 1616 2012 quae
1640 1973 1746 2012 incipit
1768 1983 1787 2004 a
1806 1971 1910 2003 verbis

105 2035 188 2065 ,nam
211 2024 293 2065 quod
315 2048 323 2056 .
347 2048 353 2055 .
378 2025 410 2063 .‘,
439 2023 565 2055 finiatur
593 2025 752 2055 enuntiato
781 2023 924 2064 primario
954 2022 1039 2063 ,quid
1069 2026 1115 2053 est
1138 2020 1233 2052 110οἲἰ
1278 2021 1363 2060 Quae
1392 2022 1418 2053 si
1446 2023 1491 2053 ita
1513 2032 1581 2053 esse
1605 2023 1779 2062 statuimus,
1803 2031 1910 2053 omnes

107 2076 296 2107 coniecturas
317 2074 491 2116 improbare
513 2075 659 2115 cogimur,
682 2084 760 2115 quae
783 2074 827 2104 ita
849 2076 1042 2114 comparatae
1067 2076 1148 2103 sunt.
1178 2076 1212 2103 ut
1242 2072 1413 2103 enuntiatio
1434 2072 1538 2103 verbis
1565 2074 1683 2114 graecis
1713 2071 1911 2104 concludatur

106 2125 203 2157 veluti
224 2125 352 2157 Corradi
373 2124 628 2164 emendationem,
656 2134 749 2165 quam
773 2123 1011 2163 Wesenbergiris
1034 2122 1237 2162 connnendat,
1267 2121 1303 2153 τὸ
1328 2122 1361 2153 ἐκ
1383 2124 1441 2153 τοῦ
1463 2121 1573 2159 αὖτοῦ,
1596 2123 1797 2163 Peerlcampii
1823 2123 1909 2153 τοῦτ’

107 2174 166 2208 οὐκ
188 2175 221 2207 ἐκ
241 2177 299 2206 τοῦ
314 2177 388 2217 νοῦ,
410 2175 542 2214 Kayseri
564 2176 596 2205 τί
617 2174 653 2205 ἐκ
674 2173 802 2211 τούτου,
826 2184 938 2215 easque
961 2184 996 2205 eo
1018 2173 1165 2204 libentius
1188 2173 1384 2214 negligimus,
1408 2183 1468 2214 quo
1492 2173 1613 2205 facilius
1628 2173 1787 2205 levissima
1808 2176 1910 2203 trans-

106 2227 258 2269 positione
273 2227 377 2257 onmia
398 2225 610 2267 expediuntur.
642 2224 778 2256 Litteras
800 2225 882 2256 enim
904 2225 1174 2261 TOECTOYOY,
1197 2229 1232 2254 ut
1254 2224 1396 2264 equidem
1419 2225 1536 2265 opinor,
1560 2228 1644 2255 ortae
1659 2227 1731 2255 sunt
1747 2234 1785 2254 ex
1799 2222 1911 2254 litteris

170 2320 192 2349 ¹)
210 2317 302 2345 Cicero
320 2317 352 2344 de
371 2317 444 2343 finib.
463 2317 495 2348 V,
513 2317 546 2344 62
564 2316 679 2343 Codrum
699 2319 981 2342 conservatorem
998 2315 1166 2348 reipublicae
1185 2314 1314 2348 appellat.

167 2361 193 2393 ²)
211 2359 249 2386 Et
265 2359 386 2393 profecto
405 2359 531 2385 Wesenb.
550 2367 576 2392 p.
596 2359 643 2385 117
661 2365 760 2384 unum
780 2361 888 2384 tantum
907 2358 1057 2392 exemplum
1076 2357 1258 2390 glossematis,
1280 2357 1351 2389 quod
1369 2357 1403 2383 ad
1422 2365 1512 2391 graec.
1531 2357 1689 2384 vocabulum
1709 2356 1833 2384 additum
1851 2364 1911 2384 esse

206 2401 342 2431 videatur,
360 2401 477 2434 profert:
497 2401 655 2434 ,perexigua
674 2404 703 2427 et
720 2402 862 2435 γλίσχρως,
882 2401 1010 2432 praebere
1034 2399 1061 2426 id
1080 2403 1122 2425 cst
1141 2399 1310 2425 minutatim*
1329 2399 1364 2426 ad
1381 2400 1439 2425 Att.
1459 2399 1532 2430 XVI,
1553 2400 1574 2430 1,
1594 2399 1663 2431 quod
1682 2404 1775 2426 tamen
1799 2399 1841 2425 ita
1864 2399 1910 2425 de-

208 2443 283 2470 fendi
301 2446 401 2476 potest,
420 2448 453 2470 ut
472 2443 554 2470 verba
573 2443 609 2475 ‚id
628 2446 669 2469 est
687 2443 852 2469 minutatim‘
871 2451 887 2470 a
906 2443 1032 2470 Cicerone
1052 2442 1110 2474 ipso
1129 2441 1237 2468 adiecta
1255 2449 1314 2469 esse
1333 2441 1454 2468 dicamur
1472 2449 1524 2468 non
1537 2441 1571 2468 ad
1589 2448 1673 2468 111111111
1693 2450 1749 2469 voc.
1767 2442 1911 2477 γλίσχρως,

207 2485 255 2512 sed
273 2484 308 2512 ad
325 2485 373 2512 illa
391 2485 443 2512 duo
461 2484 594 2513 vocabula
614 2485 777 2519 ,perexiguo
797 2488 825 2512 et
843 2488 988 2521 γλίσχρωςι
1007 2483 1176 2518 explicanda.
