1928 2892
1134 177 1161 211 8

239 283 327 317 heret
345 282 398 316 vel
421 283 481 315 sibi
501 282 640 325 fingeret.
682 281 742 314 Hic
764 281 841 314 mihi
863 283 951 315 verbi
972 282 1231 325 ἐμπερπερεῦειν
1254 285 1309 327 (ad
1330 287 1393 320 Att.
1415 287 1440 328 1,
1465 288 1514 329 14,
1536 289 1570 330 4)
1600 289 1632 321 in
1654 292 1791 323 mentem
1812 292 1909 332 venit,

239 334 385 368 Cicerone
405 334 512 367 fictum
535 343 603 364 esse
624 333 793 365 verisimile
816 337 864 365 est
887 333 989 375 idque,
1021 335 1143 367 etiamsi
1173 339 1221 368 est
1253 347 1290 368 ex
1318 348 1354 369 eo
1377 349 1505 371 numero
1528 339 1759 382 vocabulorum,
1791 352 1871 384 quae
1893 353 1913 374 a

235 384 332 425 ἅπαξ
348 383 508 426 λεγόμενα
527 383 737 425 appellantur,
761 388 865 416 tamen
890 385 1005 417 nemini
1024 384 1082 417 fuit
1100 386 1270 418 offensioni.
1317 389 1549 422 Turnebianum
1564 394 1669 422 autem
1687 391 1761 424 illud
1781 393 1928 425 κατακλει

190 431 196 438 ’
237 435 429 479 ,elausialnn‘
444 434 580 466 indicare
603 434 714 476 voluit,
731 436 831 475 reieci,
846 439 1010 476 propterea
1030 435 1111 478 quod
1130 447 1229 479 neque
1245 436 1301 469 hoc
1317 438 1384 470 loeo
1402 451 1502 482 neque
1518 440 1616 474 altero
1633 461 1674 466 —-
1689 453 1762 474 nam
1779 444 1819 475 ad
1832 445 1895 476 Att.
1908 444 1928 476 Ι

237 487 306 520 cod.
325 485 371 518 Μ.
391 483 522 528 praebet
544 486 752 517 KATAMC
770 504 811 509 —
839 486 952 518 codicis
974 485 1014 518 M.
1038 489 1222 520 auctoritate
1244 489 1354 520 nititur
1383 491 1526 532 idemque
1557 492 1654 525 semel
1684 497 1807 525 tantum
1837 495 1869 526 in
1891 506 1928 537 gr

199 564 201 566 .
237 535 348 581 (schol.
370 535 411 568 ad
432 537 527 568 Arist.
549 535 624 568 Aeh.
646 544 677 568 v.
701 536 776 576 659)
800 535 992 576 ,clausulam‘
1015 537 1180 579 significat,
1203 548 1283 579 quae
1306 541 1391 572 notio
1411 541 1509 574 altero
1532 542 1584 574 illo
1606 543 1674 575 loco
1694 543 1899 578 desideratur.

235 597 408 631 proponere
436 586 509 618 licet
529 586 647 629 aliquid
667 586 709 618 ad
731 586 864 618 alterum
887 587 976 619 illum
1004 587 1105 620 locum
1128 589 1183 630 lx,
1207 590 1256 629 18,
1279 590 1298 621 3
1331 592 1521 633 sanandum,
1550 594 1737 626 vocabulum
1762 595 1928 639 κατάληξις

235 642 342 672 matur
354 637 464 670 velim2
481 637 636 680 Scriptum
652 640 719 669 erat
734 638 766 669 in
781 636 961 680 archetypo,
978 639 1059 681 quod
1076 640 1150 671 milii
1166 641 1196 672 in
1218 639 1263 671 Zb
1283 643 1466 680 κατακλείς
1486 642 1582 675 latere
1600 645 1740 678 videtur:
1763 648 1928 680 KATAA

232 707 277 714 -
297 692 327 722 Ε
348 695 380 722 er,
401 691 441 729 H,
471 692 501 721 K
521 692 552 721 et
572 689 606 722 Ξ
633 687 862 720 confunduntur
884 707 924 712 —-
952 690 1034 722 unde
1064 694 1149 722 ortae
1176 694 1250 722 sunt
1276 691 1425 725 lectiones
1453 698 1485 726 et
1515 697 1792 736 KATAKAEIC‚
1821 707 1915 739 quam

234 741 452 781 KATAfflC,
479 750 573 782 quam
593 738 634 771 M.
656 738 794 780 praebet.
842 739 963 772 Eadem
991 740 1081 773 lectio
1104 741 1278 784 κατάληξις
1305 742 1391 775 haud
1420 745 1483 776 scio
1513 755 1552 777 an
1576 746 1670 777 etiam
1700 748 1731 778 in
1760 747 1878 780 scholio
1899 749 1925 780 A

233 790 341 823 lateat.
384 791 452 823 Iam
479 800 554 822 vero
582 800 614 822 v.
636 788 810 832 κατάληξις
840 794 872 822 et
900 791 932 822 in
962 791 1064 823 soluta
1093 796 1123 824 et
1146 794 1177 824 in
1205 794 1333 825 astricta
1360 796 1500 827 oratione
1529 795 1706 837 ,clausulae‘
1734 799 1798 830 vim
1827 798 1928 831 haber·

233 846 292 883 est,
315 843 391 884 quin
411 842 539 874 nesciat.

331 893 418 926 Alter
439 891 536 932 locus,
563 901 654 933 quem
676 892 874 933 transpositis
897 892 1008 925 litteris
1031 898 1208 936 corruptum
1231 905 1299 927 esse
1322 896 1525 930 manifestum
1555 901 1612 938 est,
1643 897 1758 940 legitur
1779 900 1811 931 in
1833 899 1903 932 libri
1924 900 1928 933 j

231 944 315 977 stula
334 947 461 976 octava:
485 942 590 975 Cicero
612 943 713 974 Attico
737 942 862 975 domum
886 948 1044 986 empturus
1067 946 1192 977 Antium
1215 946 1339 979 laudat:

348 993 474 1035 ‚Nihil
496 994 680 1035 quietius,
702 993 803 1025 nihil
827 994 968 1033 alsius,
992 995 1093 1028 nihil
1117 999 1324 1029 amoenius
1349 998 1648 1030 ΕΙΜΗΙΟΗΊῺ
1672 1000 1792 1042 φίλος
1814 999 1920 1038 οἶκος

329 1045 473 1078 Baiter-us
496 1055 593 1087 quum
615 1055 714 1086 neque
736 1043 841 1077 Boosii
870 1048 918 1088 εἴη
939 1046 1072 1088 μισητός
1099 1048 1194 1089 φίλος
1221 1046 1304 1085 οἶκος
1333 1060 1433 1090 neque
1454 1049 1657 1092 Peon-leampii
1687 1053 1735 1092 εἴη
1757 1062 1815 1091 μοι
1843 1049 1928 1089 οὗτος

227 1095 405 1140 probasset,
434 1096 549 1128 codicis
569 1095 611 1127 M.
634 1095 754 1128 litteras
781 1096 937 1138 depinxit,
966 1097 1206 1140 Wesenbergius
1235 1109 1304 1131 cum
1332 1100 1446 1132 Orellio
1477 1100 1565 1133 Bosii
1595 1101 1843 1134 emendationem
1870 1103 1904 1134 in

222 1148 352 1190 recepit.
396 1147 458 1179 Nec
480 1147 608 1178 iniuria:
636 1146 759 1179 litterae
788 1149 907 1179 EIMH
931 1150 1139 1190 transpositae
1171 1154 1244 1182 sunt
1275 1161 1312 1182 ex
1340 1150 1453 1183 litteris
1484 1154 1566 1193 εἴημ.
1592 1176 1598 1183 .
1623 1176 1641 1190 .,
1665 1155 1693 1184 Ω
1717 1153 1834 1195 scripta
1861 1157 1911 1186 est

227 1193 359 1241 quacum
382 1197 487 1230 littera
508 1198 622 1240 viginti
644 1198 707 1229 fere
728 1198 804 1230 locis
827 1199 858 1229 iu
882 1198 986 1230 codice
1008 1198 1048 1231 M.
1073 1200 1288 1241 confunditur,
1323 1203 1352 1235 0
1369 1206 1440 1244 post
1463 1204 1492 1233 Ω
1515 1203 1630 1235 excidit
1649 1203 1748 1235 veluti
1771 1204 1804 1236 in
1825 1207 1924 1236 AIIO

225 1249 259 1283 h.
281 1259 308 1282 e.
330 1247 508 1288 αἠοτόμως
529 1249 569 1288 X,
594 1249 642 1287 11,
664 1250 724 1280 nisi
748 1249 826 1281 foite
848 1250 950 1280 mavis
972 1253 1104 1291 utroque
1131 1250 1196 1283 loco
1219 1251 1356 1284 litteram
1376 1255 1405 1284 Ω
1427 1257 1527 1285 ortam
1551 1264 1619 1286 esse
1651 1265 1690 1286 ex
1716 1256 1917 1297 transpositis

228 1301 284 1335 CO
305 1299 376 1342 (pro
401 1299 483 1340 OC).
520 1299 603 1331 Nihil
625 1303 730 1331 autem
753 1304 809 1339 est,
832 1310 885 1331 cur
900 1299 1093 1333 o‘ffcndamus
1116 1303 1146 1333 in
1168 1301 1299 1344 vulgata
1315 1303 1534 1345 explicatione:
1559 1304 1737 1337 Ciceronem
1753 1305 1926 1338 exclamare

225 1352 269 1384 ait
290 1352 359 1393 ipsa
380 1350 490 1382 domus
513 1349 592 1382 alias
615 1361 687 1381 cara
697 1352 713 1380 !‘
744 1361 804 1392 quo
828 1351 982 1392 significet
1004 1355 1124 1384 tantam
1147 1362 1214 1385 esse
1236 1354 1426 1386 suavitatem
1448 1355 1737 1398 iucunditatemque
1759 1357 1885 1390 aedium
1907 1358 1928 1389 Α

226 1411 349 1440 narum,
370 1405 407 1432 ut
428 1411 486 1432 sua
508 1401 566 1432 sibi
590 1401 701 1432 domus
722 1412 819 1442 paene
843 1401 913 1433 odio
937 1403 988 1434 sit.

323 1452 422 1484 Venio
445 1462 526 1483 nunc
549 1451 589 1483 ad
610 1451 680 1483 libri
705 1451 729 1483 V
753 1452 920 1494 epistulam
946 1455 994 1493 11,
1018 1464 1079 1495 qua
1101 1457 1232 1486 exeunte
1255 1456 1287 1487 in
1310 1455 1391 1486 hunc
1414 1455 1476 1487 scre
1499 1457 1626 1488 modum
1649 1457 1753 1490 Cicero
1775 1459 1900 1491 scribit:

324 1501 542 1544 ‚Brundisio
558 1513 653 1544 quae
670 1502 740 1534 tibi
764 1504 868 1544 epist
881 1503 970 1535 ulae
986 1504 1166 1537 redditae
1181 1510 1272 1538 sunt
1293 1507 1377 1537 sinc
1393 1517 1492 1547 mea,
1516 1512 1594 1540 tum
1610 1509 1798 1542 videlieet
1812 1509 1928 1542 datae

227 1564 339 1597 quum
362 1563 433 1595 ego
456 1563 511 1584 me
532 1564 606 1584 non
629 1553 731 1585 belle
753 1553 950 1593 habai-eun
978 1566 1063 1587 nam
1086 1555 1192 1587 illam
1219 1556 1239 1594 †
1262 1558 1499 1599 vopoerdqia
1522 1570 1577 1590 me
1600 1562 1893 1594 excusationem
1915 1571 1928 1593 1

222 1605 395 1648 ceperis}

322 1655 500 1688 Ciceronem
524 1655 581 1687 hoc
603 1655 670 1687 loco
692 1655 901 1695 νομανὸρίαν
924 1667 984 1687 non
1008 1658 1177 1698 scripsisse,
1207 1659 1266 1690 etsi
1289 1658 1423 1691 editores
1445 1663 1548 1691 aetate
1570 1662 1687 1702 priores
1708 1673 1819 1695 vocem
1842 1663 1922 1694 tueri

219 1710 304 1748 sunt,
327 1707 407 1738 inter
422 1707 607 1737 recentiores
623 1717 703 1737 nuuc
721 1706 843 1748 quidem
861 1711 992 1740 constat.
1009 1718 1047 1738 ex
1065 1708 1176 1748 quibus
1194 1720 1273 1740 unus
1286 1709 1425 1750 Bantius,
1444 1714 1480 1742 ut
1495 1711 1640 1743 mendum
1657 1713 1790 1755 tolleret,
1810 1723 1928 1755 operan:

221 1758 323 1800 Atque
345 1758 372 1788 is
400 1756 526 1797 quidem
550 1757 725 1788 Cim-ionem
750 1758 893 1798 opinatur
915 1757 972 1789 hoc
996 1758 1063 1789 loci»
1092 1759 1226 1801 aliquam
1256 1771 1364 1792 vocem
1387 1761 1549 1801 Graecam,
1581 1774 1661 1805 quae
1689 1763 1865 1806 vulgarem,
1895 1775 1928 1796 us

222 1808 460 1849 occupationum
488 1809 718 1839 excusationem
744 1808 920 1844 indicasset,
944 1809 1086 1850 posuisse
1110 1810 1366 1853 seribendumque
1389 1823 1458 1843 esse
1481 1817 1602 1845 censet:
1634 1818 1791 1855 ,νομαίαν
1817 1816 1926 1856 τριβῆς

220 1859 400 1897 sationem‘,
429 1869 522 1899 quam
553 1858 716 1889 lectionem
745 1859 879 1890 editores
911 1871 972 1891 non
1003 1860 1182 1901 probarunt.
1232 1863 1311 1893 Nam
1342 1873 1510 1904 numquam
1541 1865 1571 1895 in
1600 1869 1647 1896 tot
1675 1865 1714 1897 ad
1740 1866 1876 1898 Atticum
1903 1877 1928 1907 e]

219 1909 334 1950 Cicero,
367 1910 609 1950 quotiescunqiw
634 1921 666 1941 se
690 1921 790 1941 reruni
818 1910 1012 1950 difficultate,
1041 1913 1207 1953 quominus
1231 1914 1386 1949 scriberet,
1411 1914 1594 1955 impeditum
1618 1926 1686 1948 esse
1708 1920 1860 1950 autumat.
1889 1921 1928 1948 ta]

219 1961 295 1993 trita
322 1960 520 1991 excusatione
544 1962 651 1992 witin:
697 1962 783 1999 Quae
815 1972 909 2002 quum
939 1963 982 1993 ita
1014 1963 1091 2001 siut,
1121 1963 1190 2003 quid
1224 1964 1349 1995 tandi-iu
1379 1965 1479 1997 Attico
1509 1976 1623 1998 causac
1653 1966 1750 1998 fuisse
1780 1969 1882 1999 visum
1905 1968 1928 1999 si

218 2011 324 2044 Cicero
347 2010 512 2041 Brundisio
541 2022 602 2042 non
633 2012 794 2048 scriberet,
819 2023 924 2044 eruere
947 2017 1086 2044 nostruin
1112 2017 1168 2046 ost.
1213 2015 1339 2046 Minime
1369 2017 1451 2046 enini
1475 2016 1673 2057 Ciceronem,
1704 2019 1882 2059 priusquam
1912 2019 1928 2050 i}

216 2063 352 2094 vinciam
376 2062 628 2102 proficisceretur,
660 2063 832 2103 quindei-ini
864 2064 926 2094 fere
955 2064 1020 2094 dies
1049 2065 1117 2094 istit·
1146 2069 1299 2096 moratum
1330 2076 1398 2097 esse
1428 2067 1595 2107 ignoravit.
1640 2068 1698 2100 Hic
1726 2069 1857 2100 forsitan
1886 2079 1927 2111 qu

217 2113 392 2146 coniecerit,
422 2113 522 2143 Attii-o
554 2113 583 2143 in
614 2118 748 2144 mentem
773 2115 906 2149 vvnissv,
937 2115 1073 2145 (ici-roni
1103 2120 1210 2155 curtus,
1239 2116 1351 2157 quibus
1383 2121 1462 2148 roi-tc
1486 2119 1696 2150 cominclulari
1725 2119 1877 2161 epistulae
1902 2131 1928 2162 p«

216 2162 360 2195 homines
382 2163 534 2194 defuisse:
558 2164 739 2203 saepi-»siin«¹
763 2165 844 2195 enim
870 2164 974 2195 Cicero
998 2165 1079 2196 liuui·
1104 2167 1132 2196 in
1158 2167 1282 2198 moduni
1307 2167 1444 2208 loquitur
1466 2168 1563 2200 veluti
1584 2169 1616 2207 V,
1643 2171 1689 2209 17,
1716 2171 1747 2201 1:
1782 2169 1905 2209 ,Paucis

217 2212 371 2246 habebam
401 2219 500 2243 certos
530 2213 678 2249 hominos,
707 2214 820 2255 quibus
848 2215 950 2246 dari-ni
983 2216 1154 2258 epistulas&
1198 2217 1264 2248 Iani
1295 2229 1390 2259 quum
1414 2218 1490 2249 hacc
1513 2221 1659 2261 cogitatio
1690 2232 1738 2251 inc
1766 2231 1888 2263 quoque
1910 2232 1925 2253 s

216 2265 426 2306 μονανὸριάν
442 2265 635 2295 3ι,ἰ·ἱῐιι·ιιιίιιιιι
660 2276 728 2295 esse
753 2266 840 2296 initio
865 2267 972 2306 putavi
997 2267 1053 2298 liu(-
1077 2278 1185 2298 sensu:
1210 2279 1302 2307 ,unus
1326 2274 1446 2300 tantuin
1463 2269 1555 2301 liouni
1579 2282 1620 2302 sc.
1644 2278 1745 2302 certus
1768 2270 1845 2303 mihi
1867 2279 1928 2303 erat

217 2325 281 2347 non
302 2314 455 2346 liabcliain
479 2316 555 2346 satis
579 2315 739 2346 liuniinuin
762 2320 930 2354 certon-uin,
960 2328 1013 2358 per
1035 2329 1112 2358 quus
1134 2317 1203 2359 plus
1228 2330 1321 2351 unam
1345 2320 1510 2361 epistulam
1532 2339 1573 2344 —
1595 2333 1688 2362 quain
1711 2323 1888 2354 invenimus
1910 2333 1928 2353 a

216 2365 252 2405 V,
275 2366 294 2397 8
316 2383 357 2388 —
378 2366 542 2398 mitten-iu.
572 2366 650 2407 quod
679 2366 758 2396 iili-iu
789 2368 881 2397 viiaui
908 2367 1128 2400 svlmoidvi-uni
1152 2371 1343 2410 suspicatum
1366 2382 1434 2402 csse
1458 2373 1635 2412 nuperrime
1658 2384 1694 2404 ex
1717 2371 1864 2414 Stephani
1888 2373 1928 2405 th«

217 2427 243 2448 ι.
266 2427 296 2447 ν.
326 2414 511 2455 νομιὶνδριιι
541 2418 692 2457 perspi-xi.
748 2418 785 2447 At
814 2418 950 2448 (Tiwrnni
982 2430 1049 2450 cuin
1081 2420 1216 2451 maxima
1243 2421 1335 2452 turba
1364 2422 1392 2453 in
1420 2423 1608 2462 provinciam
1637 2423 1764 2455 abeunti
1794 2424 1856 2455 iam
1884 2425 1914 2455 in

216 2469 325 2505 certos,
342 2465 456 2508 quibus
474 2466 593 2498 litterae
609 2468 815 2499 commen-lari
840 2474 974 2510 possent,
998 2469 1140 2501 homiues
1162 2470 1299 2503 defuisse
1322 2471 1563 2514 haudquaquam
1583 2473 1751 2506 verisimile
1772 2479 1829 2506 est.
1854 2484 1925 2515 prae

1803 2519 1843 2548 1*
