<?xml version="1.0" encoding="UTF-8"?>
<!DOCTYPE html PUBLIC "-//W3C//DTD XHTML 1.0 Transitional//EN"
    "http://www.w3.org/TR/xhtml1/DTD/xhtml1-transitional.dtd">
<html xmlns="http://www.w3.org/1999/xhtml" xml:lang="en" lang="en">
 <head>
  <title>
</title>
<meta http-equiv="Content-Type" content="text/html;charset=utf-8" />
  <meta name='ocr-system' content='tesseract 3.04.00' />
  <meta name='ocr-capabilities' content='ocr_page ocr_carea ocr_par ocr_line ocrx_word'/>
</head>
<body>
  <div class='ocr_page' id='page_1' title='image "./delocisgraecisqu00mcuoft_0026.png"; bbox 0 0 2100 2884; ppageno 0'>
   <div class='ocr_carea' id='block_1_1' title="bbox 988 209 1038 243">
    <p class='ocr_par' dir='ltr' id='par_1_1' title="bbox 988 209 1038 243">
     <span class='ocr_line' id='line_1_1' title="bbox 988 209 1038 243; baseline -0.02 0"><span class='ocrx_word' id='word_1_1' title='bbox 988 209 1038 243; x_wconf 77' lang='grc'><strong>10</strong></span> 
     </span>
    </p>
   </div>
   <div class='ocr_carea' id='block_1_2' title="bbox 914 258 1115 264">
    <p class='ocr_par' dir='ltr' id='par_1_2' title="bbox 914 258 1115 264">
     <span class='ocr_line' id='line_1_2' title="bbox 914 258 1115 264; baseline 0 0"><span class='ocrx_word' id='word_1_2' title='bbox 914 258 1115 264; x_wconf 95' lang='lat' dir='ltr'><strong> </strong></span> 
     </span>
    </p>
   </div>
   <div class='ocr_carea' id='block_1_3' title="bbox 109 314 1919 560">
    <p class='ocr_par' dir='ltr' id='par_1_3' title="bbox 109 314 1919 560">
     <span class='ocr_line' id='line_1_3' title="bbox 109 314 1914 358; baseline 0 -8"><span class='ocrx_word' id='word_1_3' title='bbox 109 318 310 351; x_wconf 87' lang='lat' dir='ltr'><strong>demonstrat.</strong></span> <span class='ocrx_word' id='word_1_4' title='bbox 355 318 437 348; x_wconf 82' lang='lat' dir='ltr'><strong>Vitia</strong></span> <span class='ocrx_word' id='word_1_5' title='bbox 459 314 573 357; x_wconf 79' lang='grc' dir='ltr'><strong><em>α’ργίας</em></strong></span> <span class='ocrx_word' id='word_1_6' title='bbox 595 320 625 348; x_wconf 87' lang='lat' dir='ltr'><strong>et</strong></span> <span class='ocrx_word' id='word_1_7' title='bbox 647 314 800 356; x_wconf 76' lang='grc' dir='ltr'><em>α’μελειάς</em></span> <span class='ocrx_word' id='word_1_8' title='bbox 821 325 883 348; x_wconf 86' lang='grc'><strong>11011</strong></span> <span class='ocrx_word' id='word_1_9' title='bbox 904 315 1019 355; x_wconf 84' lang='lat' dir='ltr'><strong>dubito,</strong></span> <span class='ocrx_word' id='word_1_10' title='bbox 1042 317 1115 358; x_wconf 89' lang='lat' dir='ltr'><strong>quin</strong></span> <span class='ocrx_word' id='word_1_11' title='bbox 1137 316 1288 357; x_wconf 79' lang='lat' dir='ltr'>imprimis</span> <span class='ocrx_word' id='word_1_12' title='bbox 1309 326 1422 348; x_wconf 86' lang='lat' dir='ltr'><strong>causae</strong></span> <span class='ocrx_word' id='word_1_13' title='bbox 1444 317 1566 355; x_wconf 80' lang='lat' dir='ltr'><strong>fuerint,</strong></span> <span class='ocrx_word' id='word_1_14' title='bbox 1594 326 1648 348; x_wconf 91' lang='lat' dir='ltr'><strong>cur</strong></span> <span class='ocrx_word' id='word_1_15' title='bbox 1669 315 1831 350; x_wconf 80' lang='lat' dir='ltr'><strong>Dolabella</strong></span> <span class='ocrx_word' id='word_1_16' title='bbox 1851 327 1914 350; x_wconf 88' lang='lat' dir='ltr'><strong>non</strong></span> 
     </span>
     <span class='ocr_line' id='line_1_4' title="bbox 109 364 1915 408; baseline 0 -8"><span class='ocrx_word' id='word_1_17' title='bbox 109 369 252 401; x_wconf 79' lang='lat' dir='ltr'><strong>solveret.</strong></span> <span class='ocrx_word' id='word_1_18' title='bbox 283 367 394 400; x_wconf 84' lang='lat' dir='ltr'><strong>Paullo</strong></span> <span class='ocrx_word' id='word_1_19' title='bbox 418 372 489 408; x_wconf 89' lang='lat' dir='ltr'><strong>post</strong></span> <span class='ocrx_word' id='word_1_20' title='bbox 511 366 650 398; x_wconf 85' lang='lat' dir='ltr'><strong>Ciceroni</strong></span> <span class='ocrx_word' id='word_1_21' title='bbox 672 367 749 397; x_wconf 88' lang='lat' dir='ltr'><strong>satis</strong></span> <span class='ocrx_word' id='word_1_22' title='bbox 772 366 883 398; x_wconf 84' lang='lat' dir='ltr'><strong>fecisse</strong></span> <span class='ocrx_word' id='word_1_23' title='bbox 902 366 1039 398; x_wconf 86' lang='lat' dir='ltr'><strong>videtur:</strong></span> <span class='ocrx_word' id='word_1_24' title='bbox 1061 377 1134 397; x_wconf 89' lang='lat' dir='ltr'><strong>nam</strong></span> <span class='ocrx_word' id='word_1_25' title='bbox 1156 377 1193 397; x_wconf 85' lang='lat' dir='ltr'><strong>ex</strong></span> <span class='ocrx_word' id='word_1_26' title='bbox 1215 364 1365 407; x_wconf 76' lang='lat' dir='ltr'><strong>epistuIiS,</strong></span> <span class='ocrx_word' id='word_1_27' title='bbox 1389 376 1467 407; x_wconf 86' lang='lat' dir='ltr'><strong>quae</strong></span> <span class='ocrx_word' id='word_1_28' title='bbox 1485 371 1663 408; x_wconf 85' lang='lat' dir='ltr'><strong>sequuntur,</strong></span> <span class='ocrx_word' id='word_1_29' title='bbox 1687 367 1788 399; x_wconf 90' lang='lat' dir='ltr'><strong>elucet</strong></span> <span class='ocrx_word' id='word_1_30' title='bbox 1807 369 1915 400; x_wconf 89' lang='lat' dir='ltr'><strong>amici·</strong></span> 
     </span>
     <span class='ocr_line' id='line_1_5' title="bbox 110 416 1919 458; baseline 0 -8"><span class='ocrx_word' id='word_1_31' title='bbox 110 420 187 451; x_wconf 78' lang='lat' dir='ltr'><strong>tiam</strong></span> <span class='ocrx_word' id='word_1_32' title='bbox 208 423 239 450; x_wconf 87' lang='lat' dir='ltr'><strong>et</strong></span> <span class='ocrx_word' id='word_1_33' title='bbox 260 420 439 450; x_wconf 80' lang='lat' dir='ltr'><strong>societatem</strong></span> <span class='ocrx_word' id='word_1_34' title='bbox 470 418 549 449; x_wconf 87' lang='lat' dir='ltr'><strong>inter</strong></span> <span class='ocrx_word' id='word_1_35' title='bbox 570 421 732 457; x_wconf 82' lang='lat' dir='ltr'><strong>utrumque</strong></span> <span class='ocrx_word' id='word_1_36' title='bbox 754 417 894 457; x_wconf 82' lang='lat' dir='ltr'><strong>proximo</strong></span> <span class='ocrx_word' id='word_1_37' title='bbox 918 416 1040 458; x_wconf 82' lang='lat' dir='ltr'><strong>quidem</strong></span> <span class='ocrx_word' id='word_1_38' title='bbox 1064 420 1199 457; x_wconf 87' lang='lat' dir='ltr'><strong>tempore</strong></span> <span class='ocrx_word' id='word_1_39' title='bbox 1229 417 1425 447; x_wconf 85' lang='lat' dir='ltr'>imminutam</span> <span class='ocrx_word' id='word_1_40' title='bbox 1452 426 1513 448; x_wconf 91' lang='lat' dir='ltr'><strong>non</strong></span> <span class='ocrx_word' id='word_1_41' title='bbox 1537 427 1616 448; x_wconf 88' lang='lat' dir='ltr'><strong>esse.</strong></span> <span class='ocrx_word' id='word_1_42' title='bbox 1659 417 1762 449; x_wconf 89' lang='lat' dir='ltr'><strong>Cicero</strong></span> <span class='ocrx_word' id='word_1_43' title='bbox 1784 418 1851 449; x_wconf 90' lang='lat' dir='ltr'><strong>sine</strong></span> <span class='ocrx_word' id='word_1_44' title='bbox 1871 419 1919 450; x_wconf 85' lang='lat' dir='ltr'><strong>ira</strong></span> 
     </span>
     <span class='ocr_line' id='line_1_6' title="bbox 109 466 1919 508; baseline 0 -8"><span class='ocrx_word' id='word_1_45' title='bbox 109 472 141 500; x_wconf 85' lang='lat' dir='ltr'><strong>et</strong></span> <span class='ocrx_word' id='word_1_46' title='bbox 162 469 264 500; x_wconf 90' lang='lat' dir='ltr'><strong>studio</strong></span> <span class='ocrx_word' id='word_1_47' title='bbox 287 467 479 499; x_wconf 85' lang='lat' dir='ltr'><strong>Dolabellam</strong></span> <span class='ocrx_word' id='word_1_48' title='bbox 502 468 626 508; x_wconf 86' lang='lat' dir='ltr'><strong>saepius</strong></span> <span class='ocrx_word' id='word_1_49' title='bbox 648 470 868 498; x_wconf 79' lang='lat' dir='ltr'><strong>commemorat</strong></span> <span class='ocrx_word' id='word_1_50' title='bbox 888 467 921 498; x_wconf 92' lang='lat' dir='ltr'><strong>in</strong></span> <span class='ocrx_word' id='word_1_51' title='bbox 944 466 1095 508; x_wconf 84' lang='lat' dir='ltr'><strong>epistulis,</strong></span> <span class='ocrx_word' id='word_1_52' title='bbox 1118 477 1196 508; x_wconf 83' lang='lat' dir='ltr'><strong>quae</strong></span> <span class='ocrx_word' id='word_1_53' title='bbox 1225 470 1404 508; x_wconf 85' lang='lat' dir='ltr'><strong>sequuntur.</strong></span> <span class='ocrx_word' id='word_1_54' title='bbox 1447 466 1533 505; x_wconf 85' lang='lat' dir='ltr'><strong>Quae</strong></span> <span class='ocrx_word' id='word_1_55' title='bbox 1562 477 1658 508; x_wconf 89' lang='lat' dir='ltr'><strong>quum</strong></span> <span class='ocrx_word' id='word_1_56' title='bbox 1685 469 1730 499; x_wconf 82' lang='lat' dir='ltr'><strong>ita</strong></span> <span class='ocrx_word' id='word_1_57' title='bbox 1757 469 1830 508; x_wconf 87' lang='lat' dir='ltr'><strong>sint,</strong></span> <span class='ocrx_word' id='word_1_58' title='bbox 1860 467 1919 500; x_wconf 90' lang='lat' dir='ltr'><strong>hoc</strong></span> 
     </span>
     <span class='ocr_line' id='line_1_7' title="bbox 110 516 743 560; baseline -0.005 -9"><span class='ocrx_word' id='word_1_59' title='bbox 110 518 177 551; x_wconf 91' lang='lat' dir='ltr'><strong>loco</strong></span> <span class='ocrx_word' id='word_1_60' title='bbox 199 529 230 550; x_wconf 87' lang='lat' dir='ltr'><strong>v.</strong></span> <span class='ocrx_word' id='word_1_61' title='bbox 253 516 413 560; x_wconf 68' lang='lat' dir='ltr'><strong>,ot&#39;qya&#39;qc‘²)</strong></span> <span class='ocrx_word' id='word_1_62' title='bbox 436 518 618 549; x_wconf 80' lang='lat' dir='ltr'><strong>restituatur</strong></span> <span class='ocrx_word' id='word_1_63' title='bbox 639 516 743 549; x_wconf 89' lang='lat' dir='ltr'><strong>velim.</strong></span> 
     </span>
    </p>
   </div>
   <div class='ocr_carea' id='block_1_4' title="bbox 108 575 1919 719">
    <p class='ocr_par' dir='ltr' id='par_1_4' title="bbox 108 575 1919 719">
     <span class='ocr_line' id='line_1_8' title="bbox 209 575 1919 617; baseline 0.001 -9"><span class='ocrx_word' id='word_1_64' title='bbox 209 577 364 616; x_wconf 85' lang='lat' dir='ltr'><strong>Quoniam</strong></span> <span class='ocrx_word' id='word_1_65' title='bbox 387 577 424 608; x_wconf 88' lang='lat' dir='ltr'><strong>de</strong></span> <span class='ocrx_word' id='word_1_66' title='bbox 446 576 739 617; x_wconf 82' lang='lat' dir='ltr'><strong>transpositionibus</strong></span> <span class='ocrx_word' id='word_1_67' title='bbox 766 577 843 607; x_wconf 81' lang='lat' dir='ltr'><strong>satis</strong></span> <span class='ocrx_word' id='word_1_68' title='bbox 869 575 1012 615; x_wconf 84' lang='lat' dir='ltr'><strong>disserui,</strong></span> <span class='ocrx_word' id='word_1_69' title='bbox 1038 575 1239 607; x_wconf 80' lang='lat' dir='ltr'><strong>enumerandi</strong></span> <span class='ocrx_word' id='word_1_70' title='bbox 1263 576 1325 607; x_wconf 87' lang='lat' dir='ltr'><strong>iam</strong></span> <span class='ocrx_word' id='word_1_71' title='bbox 1355 580 1428 607; x_wconf 89' lang='lat' dir='ltr'><strong>sunt</strong></span> <span class='ocrx_word' id='word_1_72' title='bbox 1453 575 1513 607; x_wconf 94' lang='lat' dir='ltr'><strong>loci</strong></span> <span class='ocrx_word' id='word_1_73' title='bbox 1534 575 1690 615; x_wconf 87' lang='lat' dir='ltr'><strong>nonnulli,</strong></span> <span class='ocrx_word' id='word_1_74' title='bbox 1717 576 1830 617; x_wconf 82' lang='lat' dir='ltr'><strong>quibus</strong></span> <span class='ocrx_word' id='word_1_75' title='bbox 1853 587 1919 609; x_wconf 89' lang='lat' dir='ltr'><strong>cor-</strong></span> 
     </span>
     <span class='ocr_line' id='line_1_9' title="bbox 108 625 1919 669; baseline 0 -10"><span class='ocrx_word' id='word_1_76' title='bbox 108 627 246 669; x_wconf 87' lang='lat' dir='ltr'><strong>ruptelae</strong></span> <span class='ocrx_word' id='word_1_77' title='bbox 273 627 384 658; x_wconf 85' lang='lat' dir='ltr'><strong>litteris</strong></span> <span class='ocrx_word' id='word_1_78' title='bbox 414 631 487 659; x_wconf 88' lang='lat' dir='ltr'><strong>ante</strong></span> <span class='ocrx_word' id='word_1_79' title='bbox 516 626 627 658; x_wconf 88' lang='lat' dir='ltr'><strong>similis</strong></span> <span class='ocrx_word' id='word_1_80' title='bbox 655 630 709 658; x_wconf 88' lang='lat' dir='ltr'><strong>aut</strong></span> <span class='ocrx_word' id='word_1_81' title='bbox 737 626 874 658; x_wconf 88' lang='lat' dir='ltr'><strong>eiusdem</strong></span> <span class='ocrx_word' id='word_1_82' title='bbox 902 627 1018 657; x_wconf 87' lang='lat' dir='ltr'><strong>formae</strong></span> <span class='ocrx_word' id='word_1_83' title='bbox 1045 625 1164 658; x_wconf 84' lang='lat' dir='ltr'><strong>litteras</strong></span> <span class='ocrx_word' id='word_1_84' title='bbox 1187 627 1311 658; x_wconf 90' lang='lat' dir='ltr'><strong>omissis</strong></span> <span class='ocrx_word' id='word_1_85' title='bbox 1335 630 1420 658; x_wconf 90' lang='lat' dir='ltr'><strong>ortae</strong></span> <span class='ocrx_word' id='word_1_86' title='bbox 1443 630 1526 658; x_wconf 84' lang='lat' dir='ltr'><strong>sunt.</strong></span> <span class='ocrx_word' id='word_1_87' title='bbox 1575 626 1619 658; x_wconf 85' lang='lat' dir='ltr'><strong>Ac</strong></span> <span class='ocrx_word' id='word_1_88' title='bbox 1640 627 1774 668; x_wconf 88' lang='lat' dir='ltr'><strong>primum</strong></span> <span class='ocrx_word' id='word_1_89' title='bbox 1795 627 1919 669; x_wconf 86' lang='lat' dir='ltr'><strong>quidem</strong></span> 
     </span>
     <span class='ocr_line' id='line_1_10' title="bbox 109 675 981 719; baseline -0.002 -10"><span class='ocrx_word' id='word_1_90' title='bbox 109 678 202 709; x_wconf 76' lang='lat' dir='ltr'><strong>affero</strong></span> <span class='ocrx_word' id='word_1_91' title='bbox 224 677 293 709; x_wconf 78' lang='lat' dir='ltr'><strong>libm·</strong></span> <span class='ocrx_word' id='word_1_92' title='bbox 316 678 377 709; x_wconf 83' lang='lat' dir='ltr'><strong>XII</strong></span> <span class='ocrx_word' id='word_1_93' title='bbox 401 677 564 719; x_wconf 83' lang='lat' dir='ltr'><strong>epistulam</strong></span> <span class='ocrx_word' id='word_1_94' title='bbox 585 677 636 717; x_wconf 83' lang='lat'><strong>40,</strong></span> <span class='ocrx_word' id='word_1_95' title='bbox 659 679 690 708; x_wconf 93' lang='lat' dir='ltr'><strong>in</strong></span> <span class='ocrx_word' id='word_1_96' title='bbox 713 687 775 718; x_wconf 85' lang='lat' dir='ltr'><strong>qua.</strong></span> <span class='ocrx_word' id='word_1_97' title='bbox 796 675 873 708; x_wconf 88' lang='lat' dir='ltr'><strong>haec</strong></span> <span class='ocrx_word' id='word_1_98' title='bbox 894 681 981 708; x_wconf 86' lang='lat' dir='ltr'><strong>sunt:</strong></span> 
     </span>
    </p>
   </div>
   <div class='ocr_carea' id='block_1_5' title="bbox 109 721 1919 826">
    <p class='ocr_par' dir='ltr' id='par_1_5' title="bbox 109 721 1919 826">
     <span class='ocr_line' id='line_1_11' title="bbox 209 721 1919 778; baseline 0 -11"><span class='ocrx_word' id='word_1_99' title='bbox 209 734 564 776; x_wconf 79' lang='grc' dir='ltr'>,συμβουλευτικὸν</span> <span class='ocrx_word' id='word_1_100' title='bbox 591 746 706 776; x_wconf 84' lang='lat' dir='ltr'><strong>saepe</strong></span> <span class='ocrx_word' id='word_1_101' title='bbox 728 745 861 766; x_wconf 89' lang='lat' dir='ltr'><strong>conor:</strong></span> <span class='ocrx_word' id='word_1_102' title='bbox 890 734 991 766; x_wconf 88' lang='lat' dir='ltr'><strong>nihil</strong></span> <span class='ocrx_word' id='word_1_103' title='bbox 1013 721 1176 776; x_wconf 73' lang='lat' dir='ltr'><strong>reperio,</strong></span> <span class='ocrx_word' id='word_1_104' title='bbox 1201 740 1237 767; x_wconf 89' lang='lat' dir='ltr'><strong>et</strong></span> <span class='ocrx_word' id='word_1_105' title='bbox 1265 735 1417 777; x_wconf 89' lang='lat' dir='ltr'><strong>quidem</strong></span> <span class='ocrx_word' id='word_1_106' title='bbox 1440 746 1581 768; x_wconf 88' lang='lat' dir='ltr'><strong>mecum</strong></span> <span class='ocrx_word' id='word_1_107' title='bbox 1603 735 1724 767; x_wconf 89' lang='lat' dir='ltr'><strong>habeo</strong></span> <span class='ocrx_word' id='word_1_108' title='bbox 1756 739 1794 767; x_wconf 89' lang='lat' dir='ltr'><strong>et</strong></span> <span class='ocrx_word' id='word_1_109' title='bbox 1813 732 1919 778; x_wconf 76' lang='grc' dir='ltr'><strong>Ἀρι-</strong></span> 
     </span>
     <span class='ocr_line' id='line_1_12' title="bbox 109 784 1245 826; baseline -0.001 -8"><span class='ocrx_word' id='word_1_110' title='bbox 109 786 322 822; x_wconf 78' lang='grc' dir='ltr'>στοτέλους</span> <span class='ocrx_word' id='word_1_111' title='bbox 344 790 381 817; x_wconf 86' lang='lat' dir='ltr'><strong>et</strong></span> <span class='ocrx_word' id='word_1_112' title='bbox 405 787 927 818; x_wconf 75' lang='lat' dir='ltr'><em>OEOBOMMOYTIBPOC</em></span> <span class='ocrx_word' id='word_1_113' title='bbox 949 784 1245 826; x_wconf 44' lang='grc' dir='ltr'><strong>Ἀλέξανδρον.</strong></span> 
     </span>
    </p>
   </div>
   <div class='ocr_carea' id='block_1_6' title="bbox 108 841 1919 1289">
    <p class='ocr_par' dir='ltr' id='par_1_6' title="bbox 108 841 1919 1289">
     <span class='ocr_line' id='line_1_13' title="bbox 209 841 1915 887; baseline 0 -11"><span class='ocrx_word' id='word_1_114' title='bbox 209 844 351 876; x_wconf 88' lang='lat' dir='ltr'><strong>Baiterus</strong></span> <span class='ocrx_word' id='word_1_115' title='bbox 374 845 484 876; x_wconf 79' lang='lat' dir='ltr'><strong>edidit:</strong></span> <span class='ocrx_word' id='word_1_116' title='bbox 515 843 736 882; x_wconf 78' lang='grc' dir='ltr'>,Θεοπόμπου</span> <span class='ocrx_word' id='word_1_117' title='bbox 759 843 843 884; x_wconf 84' lang='grc' dir='ltr'><strong>πρὸς</strong></span> <span class='ocrx_word' id='word_1_118' title='bbox 862 841 1102 884; x_wconf 51' lang='grc' dir='ltr'><strong>Ἀλέξανδρον,</strong></span> <span class='ocrx_word' id='word_1_119' title='bbox 1130 844 1246 876; x_wconf 78' lang='lat' dir='ltr'><strong>delevit</strong></span> <span class='ocrx_word' id='word_1_120' title='bbox 1267 846 1361 886; x_wconf 84' lang='lat' dir='ltr'><strong>igitur</strong></span> <span class='ocrx_word' id='word_1_121' title='bbox 1382 845 1501 876; x_wconf 79' lang='lat' dir='ltr'><strong>litteras</strong></span> <span class='ocrx_word' id='word_1_122' title='bbox 1531 847 1584 884; x_wconf 86' lang='grc' dir='ltr'><strong>ΓΙ,</strong></span> <span class='ocrx_word' id='word_1_123' title='bbox 1607 844 1689 887; x_wconf 86' lang='lat' dir='ltr'><strong>quod</strong></span> <span class='ocrx_word' id='word_1_124' title='bbox 1718 855 1780 876; x_wconf 92' lang='lat' dir='ltr'><strong>non</strong></span> <span class='ocrx_word' id='word_1_125' title='bbox 1801 844 1915 886; x_wconf 85' lang='lat' dir='ltr'><strong>pr0b0;</strong></span> 
     </span>
     <span class='ocr_line' id='line_1_14' title="bbox 109 892 1918 937; baseline 0 -11"><span class='ocrx_word' id='word_1_126' title='bbox 109 895 349 937; x_wconf 85' lang='lat' dir='ltr'><strong>Wesenbergius</strong></span> <span class='ocrx_word' id='word_1_127' title='bbox 377 895 452 927; x_wconf 88' lang='lat' dir='ltr'><strong>illud</strong></span> <span class='ocrx_word' id='word_1_128' title='bbox 482 896 527 926; x_wconf 87' lang='grc' dir='ltr'><strong>ΓΙ</strong></span> <span class='ocrx_word' id='word_1_129' title='bbox 552 894 718 935; x_wconf 88' lang='lat' dir='ltr'><strong>respiciens</strong></span> <span class='ocrx_word' id='word_1_130' title='bbox 748 895 884 935; x_wconf 82' lang='lat' dir='ltr'><strong>scripsit:</strong></span> <span class='ocrx_word' id='word_1_131' title='bbox 919 892 1122 933; x_wconf 76' lang='grc' dir='ltr'>Θεοπόμπου</span> <span class='ocrx_word' id='word_1_132' title='bbox 1144 907 1175 926; x_wconf 78' lang='grc' dir='ltr'><strong>τι</strong></span> <span class='ocrx_word' id='word_1_133' title='bbox 1197 894 1279 935; x_wconf 79' lang='grc' dir='ltr'><strong>πρὸς</strong></span> <span class='ocrx_word' id='word_1_134' title='bbox 1300 894 1524 936; x_wconf 73' lang='grc' dir='ltr'><strong>Ἀλέξανδρον,</strong></span> <span class='ocrx_word' id='word_1_135' title='bbox 1546 896 1577 926; x_wconf 84' lang='grc'><strong>111</strong></span> <span class='ocrx_word' id='word_1_136' title='bbox 1600 895 1710 937; x_wconf 90' lang='lat' dir='ltr'><strong>quibus</strong></span> <span class='ocrx_word' id='word_1_137' title='bbox 1732 893 1918 926; x_wconf 87' lang='lat' dir='ltr'><strong>vocabulum</strong></span> 
     </span>
     <span class='ocr_line' id='line_1_15' title="bbox 108 944 1917 987; baseline -0.001 -11"><span class='ocrx_word' id='word_1_138' title='bbox 108 958 140 976; x_wconf 82' lang='grc' dir='ltr'><strong>τι</strong></span> <span class='ocrx_word' id='word_1_139' title='bbox 161 945 303 987; x_wconf 84' lang='lat' dir='ltr'><strong>languet:</strong></span> <span class='ocrx_word' id='word_1_140' title='bbox 326 956 399 977; x_wconf 89' lang='lat' dir='ltr'><strong>nam</strong></span> <span class='ocrx_word' id='word_1_141' title='bbox 421 945 524 977; x_wconf 89' lang='lat' dir='ltr'><strong>Cicero</strong></span> <span class='ocrx_word' id='word_1_142' title='bbox 548 948 647 975; x_wconf 86' lang='lat' dir='ltr'><strong>certos</strong></span> <span class='ocrx_word' id='word_1_143' title='bbox 670 944 832 985; x_wconf 88' lang='lat' dir='ltr'><strong>quosdam,</strong></span> <span class='ocrx_word' id='word_1_144' title='bbox 855 955 932 985; x_wconf 88' lang='lat' dir='ltr'><strong>quos</strong></span> <span class='ocrx_word' id='word_1_145' title='bbox 954 944 999 975; x_wconf 90' lang='lat' dir='ltr'><strong>illi</strong></span> <span class='ocrx_word' id='word_1_146' title='bbox 1021 945 1128 977; x_wconf 80' lang='lat' dir='ltr'><strong>Graeci</strong></span> <span class='ocrx_word' id='word_1_147' title='bbox 1149 945 1323 977; x_wconf 84' lang='lat' dir='ltr'><strong>Alexandro</strong></span> <span class='ocrx_word' id='word_1_148' title='bbox 1347 946 1536 985; x_wconf 83' lang='lat' dir='ltr'><strong>dedicarunt,</strong></span> <span class='ocrx_word' id='word_1_149' title='bbox 1560 946 1654 977; x_wconf 89' lang='lat' dir='ltr'><strong>libros</strong></span> <span class='ocrx_word' id='word_1_150' title='bbox 1677 955 1917 976; x_wconf 85' lang='lat' dir='ltr'><strong>commemorare</strong></span> 
     </span>
     <span class='ocr_line' id='line_1_16' title="bbox 109 993 1919 1036; baseline -0.001 -9"><span class='ocrx_word' id='word_1_151' title='bbox 109 995 232 1027; x_wconf 81' lang='lat' dir='ltr'><strong>videtur</strong></span> <span class='ocrx_word' id='word_1_152' title='bbox 269 995 322 1028; x_wconf 85' lang='lat' dir='ltr'><strong>cfr.</strong></span> <span class='ocrx_word' id='word_1_153' title='bbox 352 1006 403 1035; x_wconf 87' lang='lat' dir='ltr'><strong>ea,</strong></span> <span class='ocrx_word' id='word_1_154' title='bbox 438 1005 517 1035; x_wconf 88' lang='lat' dir='ltr'><strong>quae</strong></span> <span class='ocrx_word' id='word_1_155' title='bbox 543 994 697 1026; x_wconf 80' lang='lat' dir='ltr'><strong>Victorius</strong></span> <span class='ocrx_word' id='word_1_156' title='bbox 725 1005 762 1026; x_wconf 87' lang='lat' dir='ltr'><strong>ex</strong></span> <span class='ocrx_word' id='word_1_157' title='bbox 789 994 942 1026; x_wconf 82' lang='lat' dir='ltr'><strong>Athenaei</strong></span> <span class='ocrx_word' id='word_1_158' title='bbox 968 994 1044 1026; x_wconf 88' lang='lat' dir='ltr'><strong>libro</strong></span> <span class='ocrx_word' id='word_1_159' title='bbox 1071 995 1114 1026; x_wconf 66' lang='lat' dir='ltr'><strong>VI</strong></span> <span class='ocrx_word' id='word_1_160' title='bbox 1141 997 1229 1027; x_wconf 86' lang='lat' dir='ltr'><strong>citat:</strong></span> <span class='ocrx_word' id='word_1_161' title='bbox 1265 996 1467 1036; x_wconf 81' lang='grc' dir='ltr'>Θεόπομπος</span> <span class='ocrx_word' id='word_1_162' title='bbox 1494 995 1511 1028; x_wconf 85' lang='grc' dir='ltr'>ὁ</span> <span class='ocrx_word' id='word_1_163' title='bbox 1539 999 1616 1033; x_wconf 82' lang='grc' dir='ltr'>Χῖος</span> <span class='ocrx_word' id='word_1_164' title='bbox 1649 996 1687 1027; x_wconf 79' lang='grc' dir='ltr'><strong>ἐν</strong></span> <span class='ocrx_word' id='word_1_165' title='bbox 1714 1001 1808 1031; x_wconf 82' lang='grc' dir='ltr'><strong><em>ταῖς</em></strong></span> <span class='ocrx_word' id='word_1_166' title='bbox 1836 993 1919 1036; x_wconf 83' lang='grc' dir='ltr'><strong>πρὸς</strong></span> 
     </span>
     <span class='ocr_line' id='line_1_17' title="bbox 109 1043 1916 1089; baseline -0.002 -11"><span class='ocrx_word' id='word_1_167' title='bbox 109 1043 323 1088; x_wconf 80' lang='grc' dir='ltr'><strong>Ἀλέξανδρον</strong></span> <span class='ocrx_word' id='word_1_168' title='bbox 345 1045 596 1085; x_wconf 76' lang='grc' dir='ltr'>συμβουλαῖς.</span> <span class='ocrx_word' id='word_1_169' title='bbox 643 1045 797 1084; x_wconf 87' lang='lat' dir='ltr'><strong>Quoniam</strong></span> <span class='ocrx_word' id='word_1_170' title='bbox 825 1046 925 1076; x_wconf 91' lang='lat' dir='ltr'><strong>neutri</strong></span> <span class='ocrx_word' id='word_1_171' title='bbox 948 1046 1092 1077; x_wconf 86' lang='lat' dir='ltr'><strong>assentiri</strong></span> <span class='ocrx_word' id='word_1_172' title='bbox 1115 1056 1261 1087; x_wconf 88' lang='lat' dir='ltr'><strong>possum,</strong></span> <span class='ocrx_word' id='word_1_173' title='bbox 1290 1049 1471 1088; x_wconf 89' lang='lat' dir='ltr'><strong>praesertim</strong></span> <span class='ocrx_word' id='word_1_174' title='bbox 1494 1058 1588 1089; x_wconf 87' lang='lat' dir='ltr'><strong>quum</strong></span> <span class='ocrx_word' id='word_1_175' title='bbox 1610 1048 1711 1077; x_wconf 87' lang='lat' dir='ltr'><strong>minus</strong></span> <span class='ocrx_word' id='word_1_176' title='bbox 1735 1045 1916 1087; x_wconf 87' lang='lat' dir='ltr'><strong>intelligam,</strong></span> 
     </span>
     <span class='ocr_line' id='line_1_18' title="bbox 110 1095 1918 1137; baseline -0.001 -9"><span class='ocrx_word' id='word_1_177' title='bbox 110 1096 262 1137; x_wconf 84' lang='lat' dir='ltr'><strong>quomodo</strong></span> <span class='ocrx_word' id='word_1_178' title='bbox 290 1096 406 1128; x_wconf 86' lang='lat' dir='ltr'><strong>sactum</strong></span> <span class='ocrx_word' id='word_1_179' title='bbox 435 1097 490 1135; x_wconf 87' lang='lat' dir='ltr'><strong>sit,</strong></span> <span class='ocrx_word' id='word_1_180' title='bbox 517 1099 553 1126; x_wconf 93' lang='lat' dir='ltr'><strong>ut</strong></span> <span class='ocrx_word' id='word_1_181' title='bbox 578 1095 722 1126; x_wconf 80' lang='lat' dir='ltr'><strong>libraiius</strong></span> <span class='ocrx_word' id='word_1_182' title='bbox 747 1098 777 1126; x_wconf 90' lang='lat' dir='ltr'><em>B</em></span> <span class='ocrx_word' id='word_1_183' title='bbox 799 1106 852 1136; x_wconf 87' lang='lat' dir='ltr'><strong>pro</strong></span> <span class='ocrx_word' id='word_1_184' title='bbox 880 1098 916 1126; x_wconf 90' lang='grc' dir='ltr'><strong>ΙΙ</strong></span> <span class='ocrx_word' id='word_1_185' title='bbox 939 1095 1091 1135; x_wconf 73' lang='lat' dir='ltr'><strong>scriberet,</strong></span> <span class='ocrx_word' id='word_1_186' title='bbox 1121 1097 1208 1128; x_wconf 89' lang='lat' dir='ltr'><strong>cuius</strong></span> <span class='ocrx_word' id='word_1_187' title='bbox 1231 1097 1333 1128; x_wconf 89' lang='lat' dir='ltr'><strong>mendi</strong></span> <span class='ocrx_word' id='word_1_188' title='bbox 1357 1098 1499 1129; x_wconf 89' lang='lat' dir='ltr'><strong>omnibus</strong></span> <span class='ocrx_word' id='word_1_189' title='bbox 1526 1097 1719 1129; x_wconf 87' lang='lat' dir='ltr'><strong>librariorum</strong></span> <span class='ocrx_word' id='word_1_190' title='bbox 1741 1096 1826 1127; x_wconf 84' lang='lat' dir='ltr'><strong>vitiis</strong></span> <span class='ocrx_word' id='word_1_191' title='bbox 1848 1105 1918 1136; x_wconf 90' lang='lat' dir='ltr'><strong>per-</strong></span> 
     </span>
     <span class='ocr_line' id='line_1_19' title="bbox 109 1145 1919 1187; baseline -0.001 -10"><span class='ocrx_word' id='word_1_192' title='bbox 109 1145 251 1178; x_wconf 81' lang='lat' dir='ltr'><strong>lustratis</strong></span> <span class='ocrx_word' id='word_1_193' title='bbox 279 1146 451 1187; x_wconf 82' lang='lat' dir='ltr'><strong>exemplum</strong></span> <span class='ocrx_word' id='word_1_194' title='bbox 480 1147 578 1187; x_wconf 83' lang='lat' dir='ltr'><strong>reperi</strong></span> <span class='ocrx_word' id='word_1_195' title='bbox 605 1145 737 1185; x_wconf 89' lang='lat' dir='ltr'><strong>nullum,</strong></span> <span class='ocrx_word' id='word_1_196' title='bbox 771 1145 913 1187; x_wconf 82' lang='lat' dir='ltr'><strong>equidem</strong></span> <span class='ocrx_word' id='word_1_197' title='bbox 944 1147 1081 1187; x_wconf 85' lang='lat' dir='ltr'><strong>suspicor</strong></span> <span class='ocrx_word' id='word_1_198' title='bbox 1111 1147 1141 1177; x_wconf 93' lang='lat' dir='ltr'><strong>in</strong></span> <span class='ocrx_word' id='word_1_199' title='bbox 1170 1146 1281 1178; x_wconf 88' lang='lat' dir='ltr'><strong>litteris</strong></span> <span class='ocrx_word' id='word_1_200' title='bbox 1310 1149 1338 1178; x_wconf 90' lang='grc' dir='ltr'><strong><em>Γ</em></strong></span> <span class='ocrx_word' id='word_1_201' title='bbox 1339 1150 1470 1180; x_wconf 86' lang='lat' dir='ltr'><em>IBPOC</em></span> <span class='ocrx_word' id='word_1_202' title='bbox 1495 1149 1571 1180; x_wconf 88' lang='lat' dir='ltr'><strong>sitas</strong></span> <span class='ocrx_word' id='word_1_203' title='bbox 1605 1158 1672 1179; x_wconf 87' lang='lat' dir='ltr'><strong>esse</strong></span> <span class='ocrx_word' id='word_1_204' title='bbox 1700 1147 1822 1178; x_wconf 85' lang='lat' dir='ltr'><strong>litteras</strong></span> <span class='ocrx_word' id='word_1_205' title='bbox 1854 1147 1919 1177; x_wconf 83' lang='lat' dir='ltr'><strong>LI-</strong></span> 
     </span>
     <span class='ocr_line' id='line_1_20' title="bbox 109 1196 1916 1239; baseline 0 -12"><span class='ocrx_word' id='word_1_206' title='bbox 109 1198 340 1229; x_wconf 85' lang='lat' dir='ltr'><em>BROCIIPOC</em></span> <span class='ocrx_word' id='word_1_207' title='bbox 360 1196 580 1237; x_wconf 77' lang='lat' dir='ltr'><strong>librariumque</strong></span> <span class='ocrx_word' id='word_1_208' title='bbox 612 1208 631 1228; x_wconf 89' lang='lat' dir='ltr'><strong>a</strong></span> <span class='ocrx_word' id='word_1_209' title='bbox 652 1196 756 1227; x_wconf 86' lang='lat' dir='ltr'><strong>littera</strong></span> <span class='ocrx_word' id='word_1_210' title='bbox 777 1199 805 1227; x_wconf 88' lang='lat' dir='ltr'><em>B</em></span> <span class='ocrx_word' id='word_1_211' title='bbox 828 1197 914 1227; x_wconf 89' lang='lat' dir='ltr'><strong>vocis</strong></span> <span class='ocrx_word' id='word_1_212' title='bbox 943 1196 1065 1235; x_wconf 71' lang='lat' dir='ltr'><strong>,libros‘</strong></span> <span class='ocrx_word' id='word_1_213' title='bbox 1096 1197 1291 1228; x_wconf 86' lang='lat' dir='ltr'><strong>aberrantem</strong></span> <span class='ocrx_word' id='word_1_214' title='bbox 1313 1198 1374 1228; x_wconf 85' lang='lat' dir='ltr'><strong>iam</strong></span> <span class='ocrx_word' id='word_1_215' title='bbox 1396 1198 1500 1239; x_wconf 89' lang='lat' dir='ltr'><strong>paullo</strong></span> <span class='ocrx_word' id='word_1_216' title='bbox 1525 1202 1596 1229; x_wconf 88' lang='lat' dir='ltr'><strong>ante</strong></span> <span class='ocrx_word' id='word_1_217' title='bbox 1625 1197 1784 1238; x_wconf 82' lang='lat' dir='ltr'><strong>scripsisse</strong></span> <span class='ocrx_word' id='word_1_218' title='bbox 1809 1198 1916 1228; x_wconf 85' lang='grc' dir='ltr'><em>ΘΕΟ-</em></span> 
     </span>
     <span class='ocr_line' id='line_1_21' title="bbox 110 1246 1918 1289; baseline 0 -12"><span class='ocrx_word' id='word_1_219' title='bbox 110 1249 317 1287; x_wconf 77' lang='lat' dir='ltr'><strong>BOMMOY,</strong></span> <span class='ocrx_word' id='word_1_220' title='bbox 339 1251 411 1289; x_wconf 88' lang='lat' dir='ltr'><strong>post</strong></span> <span class='ocrx_word' id='word_1_221' title='bbox 433 1246 588 1286; x_wconf 81' lang='lat' dir='ltr'><strong>syllabam</strong></span> <span class='ocrx_word' id='word_1_222' title='bbox 610 1249 722 1279; x_wconf 85' lang='lat' dir='ltr'><em>BPOC</em></span> <span class='ocrx_word' id='word_1_223' title='bbox 741 1250 845 1278; x_wconf 85' lang='lat' dir='ltr'><strong>autem</strong></span> <span class='ocrx_word' id='word_1_224' title='bbox 869 1247 1011 1277; x_wconf 87' lang='lat' dir='ltr'><strong>omisisse</strong></span> <span class='ocrx_word' id='word_1_225' title='bbox 1031 1248 1290 1288; x_wconf 79' lang='lat' dir='ltr'><strong>praepositionem</strong></span> <span class='ocrx_word' id='word_1_226' title='bbox 1313 1247 1405 1288; x_wconf 82' lang='grc' dir='ltr'>πρός.</span> <span class='ocrx_word' id='word_1_227' title='bbox 1451 1250 1494 1280; x_wconf 85' lang='lat' dir='ltr'><strong>Ac</strong></span> <span class='ocrx_word' id='word_1_228' title='bbox 1515 1258 1554 1279; x_wconf 87' lang='lat' dir='ltr'><strong>ne</strong></span> <span class='ocrx_word' id='word_1_229' title='bbox 1576 1249 1644 1289; x_wconf 90' lang='lat' dir='ltr'><strong>quis</strong></span> <span class='ocrx_word' id='word_1_230' title='bbox 1667 1249 1807 1287; x_wconf 88' lang='lat' dir='ltr'><strong>miretur,</strong></span> <span class='ocrx_word' id='word_1_231' title='bbox 1837 1246 1918 1288; x_wconf 89' lang='lat' dir='ltr'><strong>quod</strong></span> 
     </span>
    </p>
   </div>
   <div class='ocr_carea' id='block_1_7' title="bbox 111 1305 1923 1908">
    <p class='ocr_par' dir='ltr' id='par_1_7' title="bbox 111 1305 1920 1599">
     <span class='ocr_line' id='line_1_22' title="bbox 112 1305 1916 1348; baseline 0 -11"><span class='ocrx_word' id='word_1_232' title='bbox 112 1315 180 1336; x_wconf 85' lang='lat' dir='ltr'><strong>voe.</strong></span> <span class='ocrx_word' id='word_1_233' title='bbox 203 1305 328 1345; x_wconf 87' lang='lat' dir='ltr'><strong>,libros‘</strong></span> <span class='ocrx_word' id='word_1_234' title='bbox 351 1305 532 1337; x_wconf 89' lang='lat' dir='ltr'><strong>maiusculis</strong></span> <span class='ocrx_word' id='word_1_235' title='bbox 548 1305 660 1337; x_wconf 88' lang='lat' dir='ltr'><strong>litteris</strong></span> <span class='ocrx_word' id='word_1_236' title='bbox 685 1306 831 1346; x_wconf 90' lang='lat' dir='ltr'><strong>scriptum</strong></span> <span class='ocrx_word' id='word_1_237' title='bbox 857 1315 924 1336; x_wconf 90' lang='lat' dir='ltr'><strong>esse</strong></span> <span class='ocrx_word' id='word_1_238' title='bbox 951 1316 1080 1345; x_wconf 87' lang='lat' dir='ltr'><strong>sumam,</strong></span> <span class='ocrx_word' id='word_1_239' title='bbox 1103 1306 1197 1337; x_wconf 82' lang='lat' dir='ltr'><strong>affero</strong></span> <span class='ocrx_word' id='word_1_240' title='bbox 1224 1306 1291 1337; x_wconf 84' lang='lat' dir='ltr'><strong>libri</strong></span> <span class='ocrx_word' id='word_1_241' title='bbox 1315 1307 1387 1338; x_wconf 65' lang='lat' dir='ltr'><strong>xvi</strong></span> <span class='ocrx_word' id='word_1_242' title='bbox 1409 1318 1456 1348; x_wconf 85' lang='lat' dir='ltr'><strong>ep.</strong></span> <span class='ocrx_word' id='word_1_243' title='bbox 1481 1308 1520 1339; x_wconf 87' lang='lat'><strong>10</strong></span> <span class='ocrx_word' id='word_1_244' title='bbox 1548 1307 1780 1345; x_wconf 71' lang='lat' dir='ltr'><strong><em>‚AHIEETQ</em></strong></span> <span class='ocrx_word' id='word_1_245' title='bbox 1811 1309 1916 1337; x_wconf 84' lang='lat' dir='ltr'><strong>tamen</strong></span> 
     </span>
     <span class='ocr_line' id='line_1_23' title="bbox 112 1354 1920 1398; baseline 0.001 -12"><span class='ocrx_word' id='word_1_246' title='bbox 112 1357 152 1386; x_wconf 85' lang='lat' dir='ltr'><strong>te‘</strong></span> <span class='ocrx_word' id='word_1_247' title='bbox 175 1355 205 1387; x_wconf 92' lang='lat' dir='ltr'><strong>h.</strong></span> <span class='ocrx_word' id='word_1_248' title='bbox 225 1366 252 1388; x_wconf 89' lang='lat' dir='ltr'><strong>e.</strong></span> <span class='ocrx_word' id='word_1_249' title='bbox 276 1357 384 1394; x_wconf 84' lang='lat' dir='ltr'><strong>,Attice</strong></span> <span class='ocrx_word' id='word_1_250' title='bbox 408 1360 474 1387; x_wconf 89' lang='lat' dir='ltr'><strong>tota</strong></span> <span class='ocrx_word' id='word_1_251' title='bbox 496 1358 618 1396; x_wconf 87' lang='lat' dir='ltr'><strong>mente‘,</strong></span> <span class='ocrx_word' id='word_1_252' title='bbox 642 1359 693 1387; x_wconf 84' lang='lat' dir='ltr'><strong>IN</strong></span> <span class='ocrx_word' id='word_1_253' title='bbox 706 1358 840 1388; x_wconf 70' lang='grc' dir='ltr'><strong>ΙῙΑΝΟι</strong></span> <span class='ocrx_word' id='word_1_254' title='bbox 862 1355 893 1387; x_wconf 91' lang='lat' dir='ltr'><strong>h.</strong></span> <span class='ocrx_word' id='word_1_255' title='bbox 916 1366 941 1387; x_wconf 89' lang='lat' dir='ltr'><strong>e.</strong></span> <span class='ocrx_word' id='word_1_256' title='bbox 964 1357 1003 1395; x_wconf 87' lang='lat' dir='ltr'><strong>,in</strong></span> <span class='ocrx_word' id='word_1_257' title='bbox 1027 1354 1128 1388; x_wconf 83' lang='lat' dir='ltr'><strong>hanc‘.</strong></span> <span class='ocrx_word' id='word_1_258' title='bbox 1183 1357 1267 1395; x_wconf 84' lang='lat' dir='ltr'><strong>Quae</strong></span> <span class='ocrx_word' id='word_1_259' title='bbox 1294 1358 1442 1398; x_wconf 88' lang='lat' dir='ltr'><strong>scriptura</strong></span> <span class='ocrx_word' id='word_1_260' title='bbox 1464 1358 1544 1389; x_wconf 90' lang='lat' dir='ltr'><strong>inter</strong></span> <span class='ocrx_word' id='word_1_261' title='bbox 1565 1367 1657 1388; x_wconf 80' lang='lat' dir='ltr'><strong>voces</strong></span> <span class='ocrx_word' id='word_1_262' title='bbox 1679 1366 1816 1397; x_wconf 87' lang='lat' dir='ltr'><strong>graecas,</strong></span> <span class='ocrx_word' id='word_1_263' title='bbox 1839 1367 1920 1397; x_wconf 87' lang='lat' dir='ltr'><strong>quae</strong></span> 
     </span>
     <span class='ocr_line' id='line_1_24' title="bbox 112 1405 1919 1449; baseline 0 -12"><span class='ocrx_word' id='word_1_264' title='bbox 112 1406 144 1437; x_wconf 90' lang='grc'><strong>111</strong></span> <span class='ocrx_word' id='word_1_265' title='bbox 160 1405 226 1438; x_wconf 84' lang='lat' dir='ltr'><strong>cod.</strong></span> <span class='ocrx_word' id='word_1_266' title='bbox 241 1406 282 1437; x_wconf 88' lang='lat' dir='ltr'><strong>M.</strong></span> <span class='ocrx_word' id='word_1_267' title='bbox 300 1408 467 1438; x_wconf 77' lang='lat' dir='ltr'><strong>maximam</strong></span> <span class='ocrx_word' id='word_1_268' title='bbox 483 1411 602 1448; x_wconf 84' lang='lat' dir='ltr'><strong>partem</strong></span> <span class='ocrx_word' id='word_1_269' title='bbox 621 1408 685 1438; x_wconf 87' lang='lat' dir='ltr'><strong>suis</strong></span> <span class='ocrx_word' id='word_1_270' title='bbox 703 1406 779 1438; x_wconf 88' lang='lat' dir='ltr'><strong>locis</strong></span> <span class='ocrx_word' id='word_1_271' title='bbox 802 1405 974 1437; x_wconf 81' lang='lat' dir='ltr'><strong>charactere</strong></span> <span class='ocrx_word' id='word_1_272' title='bbox 993 1406 1183 1449; x_wconf 81' lang='lat' dir='ltr'><strong>quadrat02)</strong></span> <span class='ocrx_word' id='word_1_273' title='bbox 1207 1411 1334 1438; x_wconf 81' lang='lat' dir='ltr'><strong>exarata</strong></span> <span class='ocrx_word' id='word_1_274' title='bbox 1354 1412 1435 1441; x_wconf 78' lang='lat' dir='ltr'><strong>sunt.</strong></span> <span class='ocrx_word' id='word_1_275' title='bbox 1459 1418 1496 1439; x_wconf 77' lang='lat' dir='ltr'><strong>ex</strong></span> <span class='ocrx_word' id='word_1_276' title='bbox 1512 1407 1728 1449; x_wconf 85' lang='lat' dir='ltr'><strong>antiquissimo</strong></span> <span class='ocrx_word' id='word_1_277' title='bbox 1751 1406 1919 1447; x_wconf 82' lang='lat' dir='ltr'><strong>exemplari</strong></span> 
     </span>
     <span class='ocr_line' id='line_1_25' title="bbox 112 1456 1919 1498; baseline 0.001 -12"><span class='ocrx_word' id='word_1_278' title='bbox 112 1457 144 1487; x_wconf 89' lang='lat' dir='ltr'><strong>in</strong></span> <span class='ocrx_word' id='word_1_279' title='bbox 173 1456 381 1498; x_wconf 80' lang='lat' dir='ltr'><strong>Archetypum</strong></span> <span class='ocrx_word' id='word_1_280' title='bbox 408 1456 520 1488; x_wconf 81' lang='lat' dir='ltr'><strong>codicis</strong></span> <span class='ocrx_word' id='word_1_281' title='bbox 541 1457 592 1497; x_wconf 55' lang='lat' dir='ltr'><strong>M„</strong></span> <span class='ocrx_word' id='word_1_282' title='bbox 621 1468 714 1498; x_wconf 89' lang='lat' dir='ltr'><strong>quum</strong></span> <span class='ocrx_word' id='word_1_283' title='bbox 743 1456 1010 1495; x_wconf 81' lang='lat' dir='ltr'><strong>transcriberetur,</strong></span> <span class='ocrx_word' id='word_1_284' title='bbox 1037 1456 1105 1488; x_wconf 89' lang='lat' dir='ltr'><strong>fieri</strong></span> <span class='ocrx_word' id='word_1_285' title='bbox 1133 1468 1223 1498; x_wconf 85' lang='lat' dir='ltr'><strong>posse</strong></span> <span class='ocrx_word' id='word_1_286' title='bbox 1245 1462 1279 1489; x_wconf 87' lang='lat' dir='ltr'><strong>ut</strong></span> <span class='ocrx_word' id='word_1_287' title='bbox 1301 1458 1453 1489; x_wconf 88' lang='lat' dir='ltr'><strong>translata</strong></span> <span class='ocrx_word' id='word_1_288' title='bbox 1481 1464 1511 1490; x_wconf 89' lang='lat' dir='ltr'><strong>et</strong></span> <span class='ocrx_word' id='word_1_289' title='bbox 1538 1462 1662 1490; x_wconf 82' lang='lat' dir='ltr'><strong>servata</strong></span> <span class='ocrx_word' id='word_1_290' title='bbox 1691 1458 1746 1496; x_wconf 75' lang='lat' dir='ltr'><strong>sit,</strong></span> <span class='ocrx_word' id='word_1_291' title='bbox 1776 1458 1844 1498; x_wconf 91' lang='lat' dir='ltr'><strong>quis</strong></span> <span class='ocrx_word' id='word_1_292' title='bbox 1871 1460 1919 1488; x_wconf 82' lang='lat' dir='ltr'><strong>est</strong></span> 
     </span>
     <span class='ocr_line' id='line_1_26' title="bbox 112 1506 1919 1551; baseline 0.001 -14"><span class='ocrx_word' id='word_1_293' title='bbox 112 1507 186 1548; x_wconf 87' lang='lat' dir='ltr'><strong>quin</strong></span> <span class='ocrx_word' id='word_1_294' title='bbox 207 1506 330 1539; x_wconf 78' lang='lat' dir='ltr'><strong>videat!</strong></span> <span class='ocrx_word' id='word_1_295' title='bbox 371 1507 571 1539; x_wconf 84' lang='lat' dir='ltr'><strong>Scribendum</strong></span> <span class='ocrx_word' id='word_1_296' title='bbox 594 1509 688 1549; x_wconf 84' lang='lat' dir='ltr'><strong>igitur</strong></span> <span class='ocrx_word' id='word_1_297' title='bbox 709 1518 776 1538; x_wconf 88' lang='lat' dir='ltr'><strong>esse</strong></span> <span class='ocrx_word' id='word_1_298' title='bbox 799 1518 908 1538; x_wconf 86' lang='lat' dir='ltr'><strong>censeo</strong></span> <span class='ocrx_word' id='word_1_299' title='bbox 932 1506 989 1538; x_wconf 78' lang='grc'><strong>1100</strong></span> <span class='ocrx_word' id='word_1_300' title='bbox 1010 1506 1094 1538; x_wconf 87' lang='lat' dir='ltr'><strong>loco:</strong></span> <span class='ocrx_word' id='word_1_301' title='bbox 1119 1518 1252 1548; x_wconf 71' lang='lat' dir='ltr'><strong>,mecum</strong></span> <span class='ocrx_word' id='word_1_302' title='bbox 1274 1507 1373 1540; x_wconf 85' lang='lat' dir='ltr'><strong>habeo</strong></span> <span class='ocrx_word' id='word_1_303' title='bbox 1396 1514 1427 1540; x_wconf 90' lang='lat' dir='ltr'><strong>et</strong></span> <span class='ocrx_word' id='word_1_304' title='bbox 1447 1507 1686 1551; x_wconf 76' lang='grc' dir='ltr'><strong>Ἀριστοτέλους</strong></span> <span class='ocrx_word' id='word_1_305' title='bbox 1707 1512 1738 1539; x_wconf 88' lang='lat' dir='ltr'><strong>et</strong></span> <span class='ocrx_word' id='word_1_306' title='bbox 1762 1506 1919 1546; x_wconf 80' lang='grc' dir='ltr'>Θεοπόμ-</span> 
     </span>
     <span class='ocr_line' id='line_1_27' title="bbox 111 1556 707 1599; baseline 0.003 -12"><span class='ocrx_word' id='word_1_307' title='bbox 111 1567 177 1588; x_wconf 80' lang='grc' dir='ltr'><strong>που</strong></span> <span class='ocrx_word' id='word_1_308' title='bbox 199 1556 324 1589; x_wconf 91' lang='lat' dir='ltr'><strong>libros</strong></span> <span class='ocrx_word' id='word_1_309' title='bbox 346 1557 447 1599; x_wconf 79' lang='grc' dir='ltr'><strong>πρός</strong></span> <span class='ocrx_word' id='word_1_310' title='bbox 467 1556 707 1599; x_wconf 52' lang='grc' dir='ltr'><strong>Ἀλέξανδρον.</strong></span> 
     </span>
    </p>

    <p class='ocr_par' dir='ltr' id='par_1_8' title="bbox 112 1615 1923 1908">
     <span class='ocr_line' id='line_1_28' title="bbox 213 1615 1922 1660; baseline 0 -13"><span class='ocrx_word' id='word_1_311' title='bbox 213 1615 281 1647; x_wconf 89' lang='lat' dir='ltr'><strong>Huc</strong></span> <span class='ocrx_word' id='word_1_312' title='bbox 303 1616 400 1648; x_wconf 81' lang='lat' dir='ltr'><strong>resero</strong></span> <span class='ocrx_word' id='word_1_313' title='bbox 421 1616 492 1647; x_wconf 89' lang='lat' dir='ltr'><strong>libri</strong></span> <span class='ocrx_word' id='word_1_314' title='bbox 513 1617 544 1648; x_wconf 91' lang='lat' dir='ltr'>H</span> <span class='ocrx_word' id='word_1_315' title='bbox 567 1617 730 1658; x_wconf 85' lang='lat' dir='ltr'><strong>epistulam</strong></span> <span class='ocrx_word' id='word_1_316' title='bbox 752 1627 875 1657; x_wconf 83' lang='lat' dir='ltr'><strong>nonam,</strong></span> <span class='ocrx_word' id='word_1_317' title='bbox 905 1618 936 1648; x_wconf 91' lang='lat' dir='ltr'><strong>in</strong></span> <span class='ocrx_word' id='word_1_318' title='bbox 960 1628 1019 1658; x_wconf 88' lang='lat' dir='ltr'><strong>qua</strong></span> <span class='ocrx_word' id='word_1_319' title='bbox 1047 1627 1147 1649; x_wconf 85' lang='lat' dir='ltr'><strong>meam</strong></span> <span class='ocrx_word' id='word_1_320' title='bbox 1177 1629 1245 1650; x_wconf 89' lang='lat' dir='ltr'><strong>cum</strong></span> <span class='ocrx_word' id='word_1_321' title='bbox 1267 1619 1480 1660; x_wconf 80' lang='lat' dir='ltr'><strong>Wesenbergii</strong></span> <span class='ocrx_word' id='word_1_322' title='bbox 1501 1617 1715 1650; x_wconf 83' lang='lat' dir='ltr'><strong>emendatione</strong></span> <span class='ocrx_word' id='word_1_323' title='bbox 1739 1617 1922 1648; x_wconf 85' lang='lat' dir='ltr'><strong>convenisse</strong></span> 
     </span>
     <span class='ocr_line' id='line_1_29' title="bbox 112 1665 1922 1709; baseline 0.001 -12"><span class='ocrx_word' id='word_1_324' title='bbox 112 1665 203 1698; x_wconf 84' lang='lat' dir='ltr'><strong>valde</strong></span> <span class='ocrx_word' id='word_1_325' title='bbox 231 1666 366 1698; x_wconf 86' lang='lat' dir='ltr'><strong>laetatus</strong></span> <span class='ocrx_word' id='word_1_326' title='bbox 395 1677 472 1698; x_wconf 88' lang='lat' dir='ltr'><strong>sum.</strong></span> <span class='ocrx_word' id='word_1_327' title='bbox 524 1667 596 1699; x_wconf 85' lang='lat' dir='ltr'><strong>Sine</strong></span> <span class='ocrx_word' id='word_1_328' title='bbox 626 1667 718 1698; x_wconf 87' lang='lat' dir='ltr'><strong>dubio</strong></span> <span class='ocrx_word' id='word_1_329' title='bbox 749 1668 831 1698; x_wconf 90' lang='lat' dir='ltr'><strong>enim</strong></span> <span class='ocrx_word' id='word_1_330' title='bbox 859 1671 990 1699; x_wconf 79' lang='lat' dir='ltr'><strong>exeunte</strong></span> <span class='ocrx_word' id='word_1_331' title='bbox 1018 1668 1151 1709; x_wconf 85' lang='lat' dir='ltr'><strong>epistula</strong></span> <span class='ocrx_word' id='word_1_332' title='bbox 1177 1669 1402 1700; x_wconf 81' lang='lat' dir='ltr'><strong>restituendum</strong></span> <span class='ocrx_word' id='word_1_333' title='bbox 1432 1673 1495 1700; x_wconf 86' lang='lat' dir='ltr'><strong>est:</strong></span> <span class='ocrx_word' id='word_1_334' title='bbox 1527 1668 1732 1709; x_wconf 82' lang='lat' dir='ltr'><strong>,Terentia</strong></span> <span class='ocrx_word' id='word_1_335' title='bbox 1760 1667 1834 1698; x_wconf 87' lang='lat' dir='ltr'><strong>tibi</strong></span> <span class='ocrx_word' id='word_1_336' title='bbox 1857 1678 1922 1699; x_wconf 89' lang='lat' dir='ltr'><strong>sa-</strong></span> 
     </span>
     <span class='ocr_line' id='line_1_30' title="bbox 113 1715 1923 1761; baseline 0 -13"><span class='ocrx_word' id='word_1_337' title='bbox 113 1715 232 1748; x_wconf 87' lang='lat' dir='ltr'><strong>lutem</strong></span> <span class='ocrx_word' id='word_1_338' title='bbox 261 1721 340 1748; x_wconf 77' lang='grc' dir='ltr'><strong>κοιὶ</strong></span> <span class='ocrx_word' id='word_1_339' title='bbox 364 1719 544 1758; x_wconf 74' lang='grc' dir='ltr'><strong><em>Κικέρων</em></strong></span> <span class='ocrx_word' id='word_1_340' title='bbox 571 1715 589 1748; x_wconf 85' lang='lat' dir='ltr'><strong>o‘</strong></span> <span class='ocrx_word' id='word_1_341' title='bbox 615 1716 753 1758; x_wconf 82' lang='grc' dir='ltr'><em>μικρὸς</em></span> <span class='ocrx_word' id='word_1_342' title='bbox 782 1716 1026 1756; x_wconf 79' lang='grc' dir='ltr'>οἷσποῖζεται</span> <span class='ocrx_word' id='word_1_343' title='bbox 1053 1720 1173 1750; x_wconf 83' lang='grc' dir='ltr'>Τίτον</span> <span class='ocrx_word' id='word_1_344' title='bbox 1202 1717 1456 1761; x_wconf 65' lang='grc' dir='ltr'><strong>Ἀθηναῖονῆ</strong></span> <span class='ocrx_word' id='word_1_345' title='bbox 1487 1721 1518 1750; x_wconf 88' lang='grc'><strong>111</strong></span> <span class='ocrx_word' id='word_1_346' title='bbox 1542 1719 1606 1750; x_wconf 91' lang='lat' dir='ltr'><strong>cod.</strong></span> <span class='ocrx_word' id='word_1_347' title='bbox 1627 1718 1668 1750; x_wconf 85' lang='lat' dir='ltr'><strong>M.</strong></span> <span class='ocrx_word' id='word_1_348' title='bbox 1691 1717 1804 1759; x_wconf 76' lang='lat' dir='ltr'><strong>legitur</strong></span> <span class='ocrx_word' id='word_1_349' title='bbox 1826 1719 1923 1749; x_wconf 85' lang='grc' dir='ltr'><em>ΚΑΙ-</em></span> 
     </span>
     <span class='ocr_line' id='line_1_31' title="bbox 114 1768 1923 1811; baseline 0.001 -13"><span class='ocrx_word' id='word_1_350' title='bbox 114 1769 266 1803; x_wconf 82' lang='grc' dir='ltr'><em>ΚΕΡΩΝ,</em></span> <span class='ocrx_word' id='word_1_351' title='bbox 285 1770 333 1800; x_wconf 85' lang='grc' dir='ltr'><strong>ΑΙ</strong></span> <span class='ocrx_word' id='word_1_352' title='bbox 353 1771 384 1799; x_wconf 92' lang='lat' dir='ltr'><strong>et</strong></span> <span class='ocrx_word' id='word_1_353' title='bbox 406 1770 452 1798; x_wconf 86' lang='lat' dir='ltr'><strong>EI</strong></span> <span class='ocrx_word' id='word_1_354' title='bbox 475 1771 579 1799; x_wconf 89' lang='lat' dir='ltr'><strong>autem</strong></span> <span class='ocrx_word' id='word_1_355' title='bbox 600 1769 757 1799; x_wconf 85' lang='lat' dir='ltr'><strong>rarissime</strong></span> <span class='ocrx_word' id='word_1_356' title='bbox 780 1768 1017 1800; x_wconf 74' lang='lat' dir='ltr'><strong>confunduntur.</strong></span> <span class='ocrx_word' id='word_1_357' title='bbox 1048 1769 1215 1801; x_wconf 81' lang='lat' dir='ltr'><strong>Praeterea</strong></span> <span class='ocrx_word' id='word_1_358' title='bbox 1232 1771 1262 1800; x_wconf 91' lang='lat' dir='ltr'><strong>in</strong></span> <span class='ocrx_word' id='word_1_359' title='bbox 1286 1781 1331 1811; x_wconf 87' lang='lat' dir='ltr'><strong>ep.</strong></span> <span class='ocrx_word' id='word_1_360' title='bbox 1355 1770 1538 1802; x_wconf 88' lang='lat' dir='ltr'><strong>duodecima</strong></span> <span class='ocrx_word' id='word_1_361' title='bbox 1558 1769 1696 1801; x_wconf 91' lang='lat' dir='ltr'><strong>eiusdem</strong></span> <span class='ocrx_word' id='word_1_362' title='bbox 1723 1768 1791 1800; x_wconf 80' lang='lat' dir='ltr'><strong>libri</strong></span> <span class='ocrx_word' id='word_1_363' title='bbox 1814 1768 1923 1800; x_wconf 88' lang='lat' dir='ltr'><strong>eadem</strong></span> 
     </span>
     <span class='ocr_line' id='line_1_32' title="bbox 113 1817 1923 1862; baseline 0.001 -14"><span class='ocrx_word' id='word_1_364' title='bbox 113 1817 209 1848; x_wconf 82' lang='lat' dir='ltr'><strong>verba</strong></span> <span class='ocrx_word' id='word_1_365' title='bbox 230 1821 318 1849; x_wconf 87' lang='lat' dir='ltr'><strong>sunt:</strong></span> <span class='ocrx_word' id='word_1_366' title='bbox 347 1817 502 1856; x_wconf 87' lang='lat' dir='ltr'><strong>,Terentia</strong></span> <span class='ocrx_word' id='word_1_367' title='bbox 524 1843 532 1849; x_wconf 92' lang='lat'><em>.</em></span> <span class='ocrx_word' id='word_1_368' title='bbox 556 1843 563 1849; x_wconf 93' lang='lat'><strong><em>.</em></strong></span> <span class='ocrx_word' id='word_1_369' title='bbox 588 1843 594 1849; x_wconf 91' lang='lat'><em>.</em></span> <span class='ocrx_word' id='word_1_370' title='bbox 618 1819 753 1860; x_wconf 84' lang='lat' dir='ltr'><strong>impertit</strong></span> <span class='ocrx_word' id='word_1_371' title='bbox 773 1819 830 1850; x_wconf 91' lang='lat' dir='ltr'><strong>tibi</strong></span> <span class='ocrx_word' id='word_1_372' title='bbox 852 1819 981 1850; x_wconf 86' lang='lat' dir='ltr'><strong>multam</strong></span> <span class='ocrx_word' id='word_1_373' title='bbox 1004 1819 1146 1858; x_wconf 76' lang='lat' dir='ltr'><strong>salutem,</strong></span> <span class='ocrx_word' id='word_1_374' title='bbox 1177 1824 1244 1850; x_wconf 81' lang='grc' dir='ltr'><strong>καὶ</strong></span> <span class='ocrx_word' id='word_1_375' title='bbox 1266 1823 1445 1862; x_wconf 83' lang='grc' dir='ltr'><strong><em>Κικέρων</em></strong></span> <span class='ocrx_word' id='word_1_376' title='bbox 1468 1845 1475 1852; x_wconf 90' lang='grc'><strong>.</strong></span> <span class='ocrx_word' id='word_1_377' title='bbox 1500 1844 1507 1852; x_wconf 94' lang='grc'><strong>.</strong></span> <span class='ocrx_word' id='word_1_378' title='bbox 1531 1843 1539 1852; x_wconf 88' lang='grc'><em>.</em></span> <span class='ocrx_word' id='word_1_379' title='bbox 1567 1818 1772 1857; x_wconf 52' lang='grc' dir='ltr'><strong>ἅσπιίζεταιῆ</strong></span> <span class='ocrx_word' id='word_1_380' title='bbox 1814 1819 1923 1861; x_wconf 89' lang='lat' dir='ltr'><strong>Itaque</strong></span> 
     </span>
     <span class='ocr_line' id='line_1_33' title="bbox 114 1867 1250 1908; baseline 0.003 -9"><span class='ocrx_word' id='word_1_381' title='bbox 114 1867 267 1907; x_wconf 78' lang='lat' dir='ltr'><strong>syllabam</strong></span> <span class='ocrx_word' id='word_1_382' title='bbox 289 1870 334 1899; x_wconf 90' lang='grc' dir='ltr'><strong>ΚΙ</strong></span> <span class='ocrx_word' id='word_1_383' title='bbox 354 1867 385 1899; x_wconf 90' lang='grc'><strong>11.</strong></span> <span class='ocrx_word' id='word_1_384' title='bbox 407 1868 426 1900; x_wconf 89' lang='grc'><strong>1,</strong></span> <span class='ocrx_word' id='word_1_385' title='bbox 449 1872 521 1900; x_wconf 88' lang='lat' dir='ltr'><strong>ante</strong></span> <span class='ocrx_word' id='word_1_386' title='bbox 543 1868 696 1908; x_wconf 76' lang='lat' dir='ltr'><strong>syllabam</strong></span> <span class='ocrx_word' id='word_1_387' title='bbox 721 1871 778 1900; x_wconf 85' lang='grc' dir='ltr'><strong>ΚΕ</strong></span> <span class='ocrx_word' id='word_1_388' title='bbox 799 1869 950 1901; x_wconf 83' lang='lat' dir='ltr'><strong>excidisse</strong></span> <span class='ocrx_word' id='word_1_389' title='bbox 972 1870 1037 1902; x_wconf 88' lang='lat' dir='ltr'><strong>luce</strong></span> <span class='ocrx_word' id='word_1_390' title='bbox 1059 1870 1171 1902; x_wconf 87' lang='lat' dir='ltr'><strong>clarius</strong></span> <span class='ocrx_word' id='word_1_391' title='bbox 1193 1874 1250 1902; x_wconf 86' lang='lat' dir='ltr'><strong>est.</strong></span> 
     </span>
    </p>
   </div>
   <div class='ocr_carea' id='block_1_8' title="bbox 213 1925 1925 1971">
    <p class='ocr_par' dir='ltr' id='par_1_9' title="bbox 213 1925 1925 1971">
     <span class='ocr_line' id='line_1_34' title="bbox 213 1925 1925 1971; baseline 0.001 -13"><span class='ocrx_word' id='word_1_392' title='bbox 213 1925 341 1958; x_wconf 83' lang='lat' dir='ltr'><strong>Minime</strong></span> <span class='ocrx_word' id='word_1_393' title='bbox 369 1931 473 1958; x_wconf 88' lang='lat' dir='ltr'><strong>autem</strong></span> <span class='ocrx_word' id='word_1_394' title='bbox 502 1929 654 1959; x_wconf 87' lang='lat' dir='ltr'><strong>assentior</strong></span> <span class='ocrx_word' id='word_1_395' title='bbox 675 1928 896 1970; x_wconf 77' lang='lat' dir='ltr'><strong>Wesenberg-io</strong></span> <span class='ocrx_word' id='word_1_396' title='bbox 924 1926 1064 1969; x_wconf 71' lang='grc' dir='ltr'><em>εὐλαβῶς</em></span> <span class='ocrx_word' id='word_1_397' title='bbox 1093 1929 1238 1961; x_wconf 86' lang='lat' dir='ltr'><strong>scribenti</strong></span> <span class='ocrx_word' id='word_1_398' title='bbox 1266 1930 1297 1960; x_wconf 91' lang='lat' dir='ltr'><strong>in</strong></span> <span class='ocrx_word' id='word_1_399' title='bbox 1321 1929 1451 1971; x_wconf 81' lang='lat' dir='ltr'><strong>epistula</strong></span> <span class='ocrx_word' id='word_1_400' title='bbox 1478 1929 1609 1961; x_wconf 61' lang='grc'><strong>23111111</strong></span> <span class='ocrx_word' id='word_1_401' title='bbox 1632 1929 1725 1965; x_wconf 80' lang='grc' dir='ltr'>ΧΠῘ;</span> <span class='ocrx_word' id='word_1_402' title='bbox 1755 1929 1925 1959; x_wconf 85' lang='lat' dir='ltr'><strong>rectissime</strong></span> 
     </span>
    </p>
   </div>
   <div class='ocr_carea' id='block_1_9' title="bbox 116 1975 1923 2060">
    <p class='ocr_par' dir='ltr' id='par_1_10' title="bbox 116 1975 1923 2060">
     <span class='ocr_line' id='line_1_35' title="bbox 116 1975 1923 2022; baseline 0.001 -15"><span class='ocrx_word' id='word_1_403' title='bbox 116 1977 197 2007; x_wconf 89' lang='lat' dir='ltr'><strong>enim</strong></span> <span class='ocrx_word' id='word_1_404' title='bbox 218 1976 361 2009; x_wconf 86' lang='lat' dir='ltr'><strong>Baiterus</strong></span> <span class='ocrx_word' id='word_1_405' title='bbox 383 1988 413 2008; x_wconf 86' lang='lat' dir='ltr'><strong>v.</strong></span> <span class='ocrx_word' id='word_1_406' title='bbox 437 1975 602 2017; x_wconf 69' lang='grc' dir='ltr'><strong>εὖαγώγως</strong></span> <span class='ocrx_word' id='word_1_407' title='bbox 625 1980 656 2009; x_wconf 90' lang='lat' dir='ltr'><strong>in</strong></span> <span class='ocrx_word' id='word_1_408' title='bbox 678 1983 856 2010; x_wconf 82' lang='lat' dir='ltr'><strong>contextum</strong></span> <span class='ocrx_word' id='word_1_409' title='bbox 878 1981 999 2021; x_wconf 73' lang='lat' dir='ltr'><strong>recepit,</strong></span> <span class='ocrx_word' id='word_1_410' title='bbox 1022 1979 1101 2021; x_wconf 91' lang='lat' dir='ltr'><strong>quod</strong></span> <span class='ocrx_word' id='word_1_411' title='bbox 1125 1981 1157 2011; x_wconf 92' lang='lat' dir='ltr'><strong>in</strong></span> <span class='ocrx_word' id='word_1_412' title='bbox 1179 1980 1292 2011; x_wconf 85' lang='lat' dir='ltr'><strong>codicis</strong></span> <span class='ocrx_word' id='word_1_413' title='bbox 1314 1981 1354 2012; x_wconf 80' lang='lat' dir='ltr'><strong>M.</strong></span> <span class='ocrx_word' id='word_1_414' title='bbox 1378 1982 1476 2022; x_wconf 79' lang='lat' dir='ltr'><strong>signis</strong></span> <span class='ocrx_word' id='word_1_415' title='bbox 1499 1982 1670 2012; x_wconf 80' lang='grc' dir='ltr'><em>ΕΥΛΙῺΟ</em></span> <span class='ocrx_word' id='word_1_416' title='bbox 1687 1980 1790 2010; x_wconf 85' lang='lat' dir='ltr'><strong>inesse</strong></span> <span class='ocrx_word' id='word_1_417' title='bbox 1811 1978 1923 2010; x_wconf 83' lang='lat' dir='ltr'><strong>Bosius</strong></span> 
     </span>
     <span class='ocr_line' id='line_1_36' title="bbox 116 2027 598 2060; baseline 0.004 -2"><span class='ocrx_word' id='word_1_418' title='bbox 116 2027 246 2058; x_wconf 88' lang='lat' dir='ltr'><strong>viderat.</strong></span> <span class='ocrx_word' id='word_1_419' title='bbox 291 2027 391 2059; x_wconf 89' lang='lat' dir='ltr'><strong>Verba</strong></span> <span class='ocrx_word' id='word_1_420' title='bbox 412 2027 489 2059; x_wconf 84' lang='lat' dir='ltr'><strong>haec</strong></span> <span class='ocrx_word' id='word_1_421' title='bbox 511 2033 598 2060; x_wconf 88' lang='lat' dir='ltr'><strong>sunt:</strong></span> 
     </span>
    </p>
   </div>
   <div class='ocr_carea' id='block_1_10' title="bbox 218 2077 1925 2123">
    <p class='ocr_par' dir='ltr' id='par_1_11' title="bbox 218 2077 1925 2123">
     <span class='ocr_line' id='line_1_37' title="bbox 218 2077 1925 2123; baseline 0.001 -15"><span class='ocrx_word' id='word_1_422' title='bbox 218 2077 315 2117; x_wconf 82' lang='lat' dir='ltr'><strong>,Mea</strong></span> <span class='ocrx_word' id='word_1_423' title='bbox 335 2078 533 2110; x_wconf 85' lang='lat' dir='ltr'><strong>mandata.</strong></span> <span class='ocrx_word' id='word_1_424' title='bbox 562 2084 601 2110; x_wconf 89' lang='lat' dir='ltr'><strong>ut</strong></span> <span class='ocrx_word' id='word_1_425' title='bbox 623 2079 785 2120; x_wconf 85' lang='lat' dir='ltr'><strong>scribis,</strong></span> <span class='ocrx_word' id='word_1_426' title='bbox 809 2080 976 2121; x_wconf 86' lang='lat' dir='ltr'><strong>explica:</strong></span> <span class='ocrx_word' id='word_1_427' title='bbox 1004 2092 1235 2123; x_wconf 88' lang='lat' dir='ltr'><strong>quamquam</strong></span> <span class='ocrx_word' id='word_1_428' title='bbox 1259 2083 1344 2113; x_wconf 86' lang='lat' dir='ltr'><strong>ista</strong></span> <span class='ocrx_word' id='word_1_429' title='bbox 1370 2082 1594 2112; x_wconf 82' lang='lat' dir='ltr'><strong>retentione</strong></span> <span class='ocrx_word' id='word_1_430' title='bbox 1623 2091 1755 2112; x_wconf 83' lang='lat' dir='ltr'><strong>omnes</strong></span> <span class='ocrx_word' id='word_1_431' title='bbox 1783 2081 1838 2111; x_wconf 86' lang='lat' dir='ltr'><strong>ait</strong></span> <span class='ocrx_word' id='word_1_432' title='bbox 1865 2081 1925 2110; x_wconf 86' lang='lat' dir='ltr'><strong>uti</strong></span> 
     </span>
    </p>
   </div>
   <div class='ocr_carea' id='block_1_11' title="bbox 117 2127 1924 2221">
    <p class='ocr_par' dir='ltr' id='par_1_12' title="bbox 117 2127 1924 2221">
     <span class='ocr_line' id='line_1_38' title="bbox 118 2127 1924 2172; baseline 0.002 -14"><span class='ocrx_word' id='word_1_433' title='bbox 118 2127 339 2160; x_wconf 85' lang='lat' dir='ltr'><strong>Trebatius:</strong></span> <span class='ocrx_word' id='word_1_434' title='bbox 365 2128 453 2170; x_wconf 91' lang='lat' dir='ltr'><strong>quid</strong></span> <span class='ocrx_word' id='word_1_435' title='bbox 476 2134 515 2160; x_wconf 85' lang='lat' dir='ltr'><strong>tu</strong></span> <span class='ocrx_word' id='word_1_436' title='bbox 536 2130 632 2161; x_wconf 89' lang='lat' dir='ltr'><strong>istos</strong></span> <span class='ocrx_word' id='word_1_437' title='bbox 654 2133 791 2172; x_wconf 80' lang='lat' dir='ltr'><strong>putas?</strong></span> <span class='ocrx_word' id='word_1_438' title='bbox 814 2132 917 2162; x_wconf 85' lang='lat' dir='ltr'><strong>nosti</strong></span> <span class='ocrx_word' id='word_1_439' title='bbox 940 2131 1097 2163; x_wconf 91' lang='lat' dir='ltr'><strong>domum.</strong></span> <span class='ocrx_word' id='word_1_440' title='bbox 1143 2132 1265 2170; x_wconf 83' lang='lat' dir='ltr'><strong>Quare</strong></span> <span class='ocrx_word' id='word_1_441' title='bbox 1289 2132 1446 2164; x_wconf 83' lang='lat' dir='ltr'><strong>confice</strong></span> <span class='ocrx_word' id='word_1_442' title='bbox 1463 2132 1669 2163; x_wconf 71' lang='grc' dir='ltr'><em>ΕΥΛΓΩΟ.</em></span> <span class='ocrx_word' id='word_1_443' title='bbox 1693 2129 1924 2162; x_wconf 87' lang='lat' dir='ltr'><strong>incredibile</strong></span> 
     </span>
     <span class='ocr_line' id='line_1_39' title="bbox 117 2180 784 2221; baseline 0.006 -13"><span class='ocrx_word' id='word_1_444' title='bbox 117 2182 192 2218; x_wconf 82' lang='lat' dir='ltr'><strong>est,</strong></span> <span class='ocrx_word' id='word_1_445' title='bbox 215 2189 324 2219; x_wconf 90' lang='lat' dir='ltr'><strong>quam</strong></span> <span class='ocrx_word' id='word_1_446' title='bbox 347 2189 416 2221; x_wconf 87' lang='lat' dir='ltr'><strong>ego</strong></span> <span class='ocrx_word' id='word_1_447' title='bbox 439 2180 519 2210; x_wconf 90' lang='lat' dir='ltr'><strong>ista</strong></span> <span class='ocrx_word' id='word_1_448' title='bbox 540 2190 612 2211; x_wconf 89' lang='lat' dir='ltr'><strong>uon</strong></span> <span class='ocrx_word' id='word_1_449' title='bbox 635 2184 784 2212; x_wconf 73' lang='lat' dir='ltr'><strong>curem‘.</strong></span> 
     </span>
    </p>
   </div>
   <div class='ocr_carea' id='block_1_12' title="bbox 120 2245 314 2252">
    <p class='ocr_par' dir='ltr' id='par_1_13' title="bbox 120 2245 314 2252">
     <span class='ocr_line' id='line_1_40' title="bbox 120 2245 314 2252; baseline 0 632"><span class='ocrx_word' id='word_1_450' title='bbox 120 2245 314 2252; x_wconf 95' lang='lat' dir='ltr'><strong> </strong></span> 
     </span>
    </p>
   </div>
   <div class='ocr_carea' id='block_1_13' title="bbox 177 2278 1931 2400">
    <p class='ocr_par' dir='ltr' id='par_1_14' title="bbox 177 2278 1931 2400">
     <span class='ocr_line' id='line_1_41' title="bbox 177 2278 1930 2316; baseline 0.002 -11"><span class='ocrx_word' id='word_1_451' title='bbox 177 2279 199 2309; x_wconf 82' lang='lat'><strong>²)</strong></span> <span class='ocrx_word' id='word_1_452' title='bbox 217 2278 365 2306; x_wconf 69' lang='lat' dir='ltr'><strong>Haesitavi</strong></span> <span class='ocrx_word' id='word_1_453' title='bbox 378 2279 558 2312; x_wconf 71' lang='lat' dir='ltr'><strong>aliquamdiu,</strong></span> <span class='ocrx_word' id='word_1_454' title='bbox 571 2288 658 2308; x_wconf 88' lang='lat' dir='ltr'><strong>nonne</strong></span> <span class='ocrx_word' id='word_1_455' title='bbox 672 2289 696 2307; x_wconf 82' lang='lat' dir='ltr'><strong>v.</strong></span> <span class='ocrx_word' id='word_1_456' title='bbox 709 2280 856 2316; x_wconf 70' lang='grc' dir='ltr'><strong><em>α’χαριστίᾳ</em></strong></span> <span class='ocrx_word' id='word_1_457' title='bbox 871 2281 1056 2315; x_wconf 85' lang='lat' dir='ltr'><strong>recipiendum</strong></span> <span class='ocrx_word' id='word_1_458' title='bbox 1075 2286 1155 2314; x_wconf 84' lang='lat' dir='ltr'><strong>esset,</strong></span> <span class='ocrx_word' id='word_1_459' title='bbox 1174 2291 1242 2315; x_wconf 73' lang='lat' dir='ltr'><strong>quae</strong></span> <span class='ocrx_word' id='word_1_460' title='bbox 1256 2283 1410 2310; x_wconf 82' lang='lat' dir='ltr'><strong>emendatio</strong></span> <span class='ocrx_word' id='word_1_461' title='bbox 1422 2282 1508 2309; x_wconf 77' lang='lat' dir='ltr'><strong>nihilo</strong></span> <span class='ocrx_word' id='word_1_462' title='bbox 1521 2282 1650 2309; x_wconf 77' lang='lat' dir='ltr'><strong>audacior</strong></span> <span class='ocrx_word' id='word_1_463' title='bbox 1663 2284 1707 2308; x_wconf 83' lang='lat' dir='ltr'><strong>est</strong></span> <span class='ocrx_word' id='word_1_464' title='bbox 1719 2289 1799 2314; x_wconf 81' lang='lat' dir='ltr'><strong>quam</strong></span> <span class='ocrx_word' id='word_1_465' title='bbox 1812 2282 1930 2308; x_wconf 82' lang='lat' dir='ltr'><strong>Victorii</strong></span> 
     </span>
     <span class='ocr_line' id='line_1_42' title="bbox 219 2321 1931 2359; baseline 0 -11"><span class='ocrx_word' id='word_1_466' title='bbox 219 2321 364 2351; x_wconf 76' lang='lat' dir='ltr'><strong>,avaritia¹.</strong></span> <span class='ocrx_word' id='word_1_467' title='bbox 392 2321 501 2348; x_wconf 78' lang='lat' dir='ltr'><strong>Atticus</strong></span> <span class='ocrx_word' id='word_1_468' title='bbox 521 2337 554 2341; x_wconf 91' lang='lat'><em>-</em></span> <span class='ocrx_word' id='word_1_469' title='bbox 573 2323 612 2349; x_wconf 88' lang='lat' dir='ltr'><strong>sic</strong></span> <span class='ocrx_word' id='word_1_470' title='bbox 629 2326 780 2350; x_wconf 78' lang='lat' dir='ltr'><strong>statueram</strong></span> <span class='ocrx_word' id='word_1_471' title='bbox 797 2339 828 2343; x_wconf 96' lang='lat'>—</span> <span class='ocrx_word' id='word_1_472' title='bbox 848 2323 1006 2351; x_wconf 77' lang='lat' dir='ltr'><strong>Dolabellae</strong></span> <span class='ocrx_word' id='word_1_473' title='bbox 1027 2325 1140 2355; x_wconf 81' lang='lat' dir='ltr'><strong>factum,</strong></span> <span class='ocrx_word' id='word_1_474' title='bbox 1160 2325 1230 2357; x_wconf 86' lang='lat' dir='ltr'><strong>quod</strong></span> <span class='ocrx_word' id='word_1_475' title='bbox 1244 2325 1336 2352; x_wconf 83' lang='lat' dir='ltr'><strong>Cicero</strong></span> <span class='ocrx_word' id='word_1_476' title='bbox 1349 2325 1529 2359; x_wconf 67' lang='grc' dir='ltr'>ἀριστείαν</span> <span class='ocrx_word' id='word_1_477' title='bbox 1541 2324 1701 2358; x_wconf 78' lang='lat' dir='ltr'><strong>appellarat,</strong></span> <span class='ocrx_word' id='word_1_478' title='bbox 1721 2324 1931 2359; x_wconf 71' lang='grc' dir='ltr'><strong><em>ιῖχαριστίαν</em></strong></span> 
     </span>
     <span class='ocr_line' id='line_1_43' title="bbox 218 2362 1930 2400; baseline 0.002 -11"><span class='ocrx_word' id='word_1_479' title='bbox 218 2362 335 2390; x_wconf 86' lang='lat' dir='ltr'><strong>illudens</strong></span> <span class='ocrx_word' id='word_1_480' title='bbox 348 2363 539 2390; x_wconf 79' lang='lat' dir='ltr'><strong>nominaverat</strong></span> <span class='ocrx_word' id='word_1_481' title='bbox 556 2368 776 2398; x_wconf 81' lang='lat' dir='ltr'><strong>exposueratque</strong></span> <span class='ocrx_word' id='word_1_482' title='bbox 794 2365 898 2399; x_wconf 84' lang='lat' dir='ltr'><strong>ingrati</strong></span> <span class='ocrx_word' id='word_1_483' title='bbox 911 2366 994 2392; x_wconf 76' lang='lat' dir='ltr'><strong>animi</strong></span> <span class='ocrx_word' id='word_1_484' title='bbox 1013 2375 1080 2398; x_wconf 84' lang='lat' dir='ltr'><strong>esse,</strong></span> <span class='ocrx_word' id='word_1_485' title='bbox 1099 2367 1122 2394; x_wconf 88' lang='lat' dir='ltr'><strong>si</strong></span> <span class='ocrx_word' id='word_1_486' title='bbox 1142 2367 1202 2399; x_wconf 78' lang='lat' dir='ltr'><strong>quis</strong></span> <span class='ocrx_word' id='word_1_487' title='bbox 1216 2375 1311 2393; x_wconf 87' lang='lat' dir='ltr'><strong>nomen</strong></span> <span class='ocrx_word' id='word_1_488' title='bbox 1326 2367 1450 2394; x_wconf 84' lang='lat' dir='ltr'><strong>debitum</strong></span> <span class='ocrx_word' id='word_1_489' title='bbox 1469 2367 1494 2394; x_wconf 89' lang='lat' dir='ltr'><strong>ei</strong></span> <span class='ocrx_word' id='word_1_490' title='bbox 1507 2375 1561 2394; x_wconf 90' lang='lat' dir='ltr'><strong>non</strong></span> <span class='ocrx_word' id='word_1_491' title='bbox 1574 2367 1702 2398; x_wconf 80' lang='lat' dir='ltr'><strong>solveret,</strong></span> <span class='ocrx_word' id='word_1_492' title='bbox 1721 2375 1738 2393; x_wconf 80' lang='lat' dir='ltr'><strong>a</strong></span> <span class='ocrx_word' id='word_1_493' title='bbox 1756 2374 1808 2399; x_wconf 90' lang='lat' dir='ltr'><strong>qno</strong></span> <span class='ocrx_word' id='word_1_494' title='bbox 1822 2374 1930 2400; x_wconf 83' lang='lat' dir='ltr'><strong>semper</strong></span> 
     </span>
    </p>
   </div>
   <div class='ocr_carea' id='block_1_14' title="bbox 218 2403 1928 2473">
    <p class='ocr_par' dir='ltr' id='par_1_15' title="bbox 218 2403 1928 2473">
     <span class='ocr_line' id='line_1_44' title="bbox 218 2403 1928 2473; baseline 0.003 -43"><span class='ocrx_word' id='word_1_495' title='bbox 218 2403 329 2472; x_wconf 49' lang='grc'><strong>8111111113</strong></span> <span class='ocrx_word' id='word_1_496' title='bbox 330 2409 430 2473; x_wconf 52' lang='grc' dir='ltr'><strong>ἐκεῖ.</strong></span> <span class='ocrx_word' id='word_1_497' title='bbox 460 2405 541 2433; x_wconf 85' lang='lat' dir='ltr'><strong>Bedii</strong></span> <span class='ocrx_word' id='word_1_498' title='bbox 559 2409 651 2433; x_wconf 73' lang='lat' dir='ltr'><strong>tamen</strong></span> <span class='ocrx_word' id='word_1_499' title='bbox 669 2407 704 2433; x_wconf 80' lang='lat' dir='ltr'><strong>ad</strong></span> <span class='ocrx_word' id='word_1_500' title='bbox 722 2407 758 2439; x_wconf 85' lang='lat' dir='ltr'><strong>id,</strong></span> <span class='ocrx_word' id='word_1_501' title='bbox 778 2407 850 2441; x_wconf 85' lang='lat' dir='ltr'><strong>quod</strong></span> <span class='ocrx_word' id='word_1_502' title='bbox 868 2409 1012 2442; x_wconf 76' lang='lat' dir='ltr'><strong>proposui,</strong></span> <span class='ocrx_word' id='word_1_503' title='bbox 1037 2409 1102 2442; x_wconf 77' lang='lat' dir='ltr'><strong>quia</strong></span> <span class='ocrx_word' id='word_1_504' title='bbox 1123 2410 1245 2443; x_wconf 76' lang='lat' dir='ltr'><strong>proxime</strong></span> <span class='ocrx_word' id='word_1_505' title='bbox 1264 2409 1369 2436; x_wconf 80' lang='lat' dir='ltr'><strong>accedit</strong></span> <span class='ocrx_word' id='word_1_506' title='bbox 1388 2409 1423 2436; x_wconf 78' lang='lat' dir='ltr'><strong>ad</strong></span> <span class='ocrx_word' id='word_1_507' title='bbox 1441 2409 1539 2436; x_wconf 83' lang='lat' dir='ltr'><strong>ductus</strong></span> <span class='ocrx_word' id='word_1_508' title='bbox 1556 2409 1726 2441; x_wconf 77' lang='lat' dir='ltr'><strong>litterarum,</strong></span> <span class='ocrx_word' id='word_1_509' title='bbox 1753 2409 1798 2442; x_wconf 89' lang='lat' dir='ltr'><strong>qui</strong></span> <span class='ocrx_word' id='word_1_510' title='bbox 1817 2411 1882 2435; x_wconf 81' lang='lat' dir='ltr'><strong>sunt</strong></span> <span class='ocrx_word' id='word_1_511' title='bbox 1900 2408 1928 2435; x_wconf 85' lang='lat' dir='ltr'><strong>in</strong></span> 
     </span>
     <span class='ocr_line' id='line_1_45' title="bbox 220 2453 366 2473; baseline 0.014 -2"><span class='ocrx_word' id='word_1_512' title='bbox 220 2453 249 2472; x_wconf 88' lang='lat' dir='ltr'><strong>co</strong></span> <span class='ocrx_word' id='word_1_513' title='bbox 270 2454 311 2473; x_wconf 77' lang='lat' dir='ltr'><strong>ice</strong></span> <span class='ocrx_word' id='word_1_514' title='bbox 360 2468 366 2473; x_wconf 87' lang='lat'>.</span> 
     </span>
    </p>
   </div>
   <div class='ocr_carea' id='block_1_15' title="bbox 177 2487 740 2525">
    <p class='ocr_par' dir='ltr' id='par_1_16' title="bbox 177 2487 740 2525">
     <span class='ocr_line' id='line_1_46' title="bbox 177 2487 740 2525; baseline 0.007 -11"><span class='ocrx_word' id='word_1_515' title='bbox 177 2489 198 2520; x_wconf 78' lang='lat'><strong>²)</strong></span> <span class='ocrx_word' id='word_1_516' title='bbox 217 2487 368 2516; x_wconf 62' lang='lat' dir='ltr'><strong>Hoffmann:</strong></span> <span class='ocrx_word' id='word_1_517' title='bbox 387 2489 412 2515; x_wconf 84' lang='lat' dir='ltr'><strong>d.</strong></span> <span class='ocrx_word' id='word_1_518' title='bbox 431 2489 503 2516; x_wconf 81' lang='lat' dir='ltr'><strong>Krit..</strong></span> <span class='ocrx_word' id='word_1_519' title='bbox 531 2491 656 2525; x_wconf 72' lang='lat' dir='ltr'><strong>Apparet</strong></span> <span class='ocrx_word' id='word_1_520' title='bbox 674 2499 698 2524; x_wconf 85' lang='lat' dir='ltr'><strong>p.</strong></span> <span class='ocrx_word' id='word_1_521' title='bbox 717 2492 740 2519; x_wconf 75' lang='lat'><strong>3.</strong></span> 
     </span>
    </p>
   </div>
  </div>
 </body>
</html>
