1928 2892
951 232 979 267 9.

165 343 282 375 'remae
303 341 424 374 litterae
445 341 652 382 transpositae
674 343 747 372 sunt
768 340 800 370 in
822 337 905 370 hune
926 339 987 370 sere
1009 338 1133 370 modum
1146 338 1195 381 ¹):

325 392 350 428 I,
374 392 413 424 14
445 391 866 423 APICTOKATPIKQC
885 406 927 412 —
948 386 1238 430 ἀριστοκρατικῶς

296 441 348 482 IV,
373 443 410 474 19
444 441 569 473 latinas
599 441 847 471 YTIKICMOG'
864 457 905 462 --
926 438 1042 470 latinus
1057 437 1260 478 ’Λττικισμός

276 491 344 532 Vll,
387 493 406 524 8
440 491 788 523 ΠΟΛΕΥΤΕΤΕΟΝ
805 508 847 512 -
869 489 1102 521 πολιτευτέον

267 542 350 581 VIII,
392 542 412 574 5
447 541 698 572 KAEPECCIN
715 557 757 562 ——-
777 538 926 581 κεράεσσι

295 592 350 632 ΙΧ,
393 593 412 624 9
450 592 580 621 ΤΟΤΕ
602 608 643 614 ——-
664 601 753 621 τετο
777 613 784 621 .
807 613 815 620 .

291 642 345 679 IX,
389 642 410 672 4
440 640 596 682 pollicite
617 659 658 664 -—
677 640 864 671 πολιτικαί

310 691 348 728 Χ,
392 692 408 722 1
444 692 615 729 ΙΠΕΡΕΙ,
637 701 743 732 margo
765 693 876 731 τέρπει
897 708 938 712 —
957 687 1079 732 ὑπέρευ

298 741 348 777 VI.
391 741 412 773 5
444 742 597 772 HQMN
615 760 657 764 —
680 742 820 772 MHQN
838 759 879 763 -
901 741 990 780 pm‘w

280 792 345 831 XV,
370 791 409 823 13
441 791 850 832 HPAKAEIAE(P)ONI
869 809 908 814 —
928 789 1112 832 Ἡρακλειδε
1122 797 1186 822 ἴον

282 842 347 881 XV,
370 841 409 873 27
441 843 798 873 ΛΡΗΚΛΕῙΔΕΟΙΝ
816 859 857 864 -
877 839 1076 880 Ἡρακλειδε
1086 848 1150 873 ἴον.

162 892 228 923 Iam
254 902 328 924 vero
357 891 433 923 illud
461 892 600 933 proxime
629 892 756 924 allatum
784 891 986 931 vocabulum,
1016 892 1098 933 quod
1126 896 1271 934 quattuor
1299 891 1374 923 loeis
1403 892 1494 933 inque
1524 893 1569 924 eis
1601 892 1649 924 bis
1674 891 1862 924 inviolatum

64 943 183 985 legitur,
212 943 325 984 optime
346 942 465 983 probat,
488 953 580 983 quam
602 942 793 984 negligenter
813 941 928 973 librarii
950 943 1136 983 scripserint.
1178 942 1278 981 Quum
1301 943 1382 973 enim
1409 942 1546 974 litteram
1569 943 1606 974 de
1635 943 1738 974 littera
1759 943 1862 985 expri-

63 996 181 1025 merent
201 992 359 1034 oculisque
381 992 568 1030 aberrarent,
591 992 707 1024 sactum
729 995 786 1031 est,
808 996 842 1023 ut
864 992 1002 1033 singulas
1024 994 1104 1023 inter
1125 1003 1193 1023 sese
1215 993 1471 1034 transposuerint.

159 1044 260 1084 Atque
286 1042 335 1074 his
357 1042 481 1084 quidem
503 1042 650 1084 exemplis
679 1042 782 1074 allatis
804 1043 918 1073 nemini
941 1043 1050 1074 mirum
1072 1043 1226 1074 videbitur
1250 1053 1308 1074 nos
1335 1044 1574 1084 transpositione
1601 1043 1772 1075 litterarum
1797 1047 1862 1075 sta-

61 1097 130 1126 tuta
150 1094 245 1126 etiam
266 1093 344 1125 alios
365 1092 448 1124 locos
471 1103 581 1124 sanare
603 1093 770 1133 studuisse,
793 1103 870 1134 quos
893 1093 995 1125 ordine
1017 1093 1164 1124 librorum
1188 1097 1370 1125 tractemus:

162 1143 286 1176 Primus
308 1144 389 1174 inest
410 1144 443 1174 in
464 1143 535 1174 libri
556 1143 587 1174 H
609 1143 742 1184 epistula
763 1145 870 1175 tertia:
905 1144 1005 1175 Cicero
1028 1143 1171 1183 haesitat,
1199 1148 1302 1175 utrum
1328 1143 1534 1175 resistendum
1564 1145 1606 1176 sit
1627 1144 1688 1186 legi
1710 1144 1862 1185 agrariae,

62 1204 155 1236 quam
177 1193 291 1226 Caesar
311 1192 388 1225 ferre
410 1193 583 1235 cogitabat,
614 1205 654 1225 an
677 1194 909 1235 quiescendum,
939 1205 977 1226 an
1000 1195 1092 1226 etiam
1115 1194 1340 1233 adiuvandum,
1369 1195 1588 1236 commodaque
1615 1199 1646 1226 et
1667 1194 1864 1226 incommoda

62 1248 231 1286 percenset,
253 1254 332 1286 quae
353 1244 422 1284 sibi,
445 1245 472 1275 si
493 1243 553 1275 hoc
574 1244 624 1276 vel
646 1244 723 1276 illud
745 1245 859 1281 fecerit,
883 1244 1076 1286 suscipienda
1098 1245 1168 1284 sint,
1192 1249 1258 1276 tum
1279 1246 1395 1286 pergit:

164 1293 254 1334 ,Sed
276 1305 331 1326 me
353 1294 373 1331 †
395 1303 633 1336 κατακρεσις
654 1305 735 1326 mea
757 1294 826 1326 illa
848 1298 1069 1334 commovet,
1094 1306 1189 1336 quac
1212 1296 1330 1326 estin
1353 1295 1451 1327 libro
1473 1294 1552 1326 III:

412 1344 566 1377 Interea
587 1356 736 1384 cursus,
760 1356 856 1386 quos
878 1347 1001 1387 prima
1023 1356 1042 1376 a
1062 1350 1170 1386 parte
1193 1347 1380 1377 iuventae

411 1394 585 1436 Quosque
607 1395 702 1427 adeo
726 1396 864 1427 consul
885 1398 1035 1428 virtute
1057 1397 1260 1437 animoque
1282 1397 1441 1437 petisti,

412 1445 492 1477 Hos
514 1446 638 1477 retine
660 1450 773 1488 atque
795 1457 891 1488 auge
914 1447 1048 1478 famam
1071 1446 1286 1486 laudesque
1311 1446 1517 1478 bonorum.‘

163 1495 262 1527 Attuli
284 1506 329 1535 ea,
352 1506 431 1537 quae
453 1500 526 1528 sunt
548 1497 578 1528 in
600 1496 715 1528 Baiteri
738 1497 886 1533 editione;
914 1507 984 1528 nam
1013 1508 1110 1538 neque
1131 1497 1366 1538 Wesenbergio,
1396 1499 1461 1538 qui,
1490 1497 1571 1538 quod
1597 1497 1691 1538 vulgo
1720 1497 1866 1538 scribunt,

64 1544 294 1578 Turnebianum
315 1545 390 1578 illud
409 1546 577 1583 κατακλεῑς
598 1548 630 1578 in
653 1550 830 1579 contextum
852 1549 974 1589 recepit,
997 1549 1141 1579 assentiri
1155 1558 1281 1588 possum
1304 1558 1402 1587 neque
1425 1547 1546 1588 Bootio,
1571 1549 1621 1588 qui
1645 1547 1775 1579 adnotat
1797 1557 1866 1579 seso

64 1594 210 1628 hocloco
239 1597 392 1638 requirere
416 1607 544 1637 nomen,
574 1597 656 1639 quod
685 1597 1010 1630 exhortationem
1039 1598 1192 1639 designet.
1223 1597 1354 1638 ideoque
1381 1599 1488 1630 scribit
1509 1597 1717 1640 κατάκλησιςι
1745 1602 1864 1630 utrum—

68 1656 127 1687 que
149 1646 241 1686 enim,
262 1650 298 1678 ut
319 1646 381 1678 alia
402 1648 553 1687 omittam,
583 1647 706 1688 longius
726 1648 840 1680 recedit
862 1659 881 1680 a
903 1649 1014 1680 codicis
1035 1649 1075 1680 M.
1099 1649 1256 1689 scriptura,
1285 1659 1377 1689 quam
1401 1649 1481 1689 quod
1510 1648 1651 1689 equidem
1674 1648 1750 1681 haee
1770 1650 1866 1681 vesti-

65 1696 118 1738 gia
145 1700 270 1728 secutus
296 1707 464 1739 proponere
491 1697 590 1729 audeo
616 1698 801 1730 vocabulum
827 1699 1023 1739 κατάρκεσις.
1069 1698 1156 1737 Quod
1177 1703 1211 1729 ut
1234 1698 1459 1739 commendem,
1487 1698 1565 1730 haec
1586 1700 1617 1730 in
1639 1699 1774 1731 medium
1795 1710 1865 1741 pro-

65 1745 173 1779 deant:
207 1746 343 1788 Simplex
363 1759 394 1779 v.
417 1747 546 1790 ἄρκεσις
567 1749 723 1780 invenitur
745 1749 826 1791 apud
848 1749 1029 1790 Sophoclem
1053 1749 1089 1780 Ο.
1112 1748 1143 1780 C.
1168 1760 1196 1779 v.
1222 1749 1261 1780 73

547 1802 612 1836 ,καὶ
633 1801 682 1836 τίς
703 1800 786 1839 πρός
807 1798 925 1841 ἀνδρὸς
945 1798 988 1842 μή
1012 1800 1190 1840 βλέποντος
1213 1799 1365 1839 ἄρκεσιςᾞ

66 1845 147 1878 unde
168 1850 295 1889 apparet
314 1846 449 1888 ἅρκεσιν
475 1848 556 1880 idem
586 1860 654 1881 esse
676 1854 768 1891 atque
792 1850 959 1891 ,auxillium
981 1850 1174 1881 subsidium‘.
1217 1851 1315 1891 Atque
1344 1850 1436 1882 huius
1459 1850 1583 1892 quidem
1605 1851 1741 1882 notionis
1769 1851 1867 1892 signi-

65 1896 169 1929 ficatio
190 1899 417 1939 praepositione
439 1898 521 1930 κατά
531 1899 561 1941 ²)
585 1901 629 1931 ita
650 1904 789 1941 augetur,
812 1905 846 1932 ut
866 1899 1055 1941 κατιῖρκεσις
1077 1902 1130 1932 sit:
1162 1900 1322 1937 ,auxilium
1345 1911 1464 1942 semper
1487 1906 1516 1932 et
1539 1902 1651 1943 ubique
1672 1904 1867 1942 perspectum

67 1952 98 1978 et
118 1947 374 1990 comprobatum‘,
399 1960 461 1990 qua
481 1950 608 1981 notIOne
630 1950 734 1982 dubito
758 1962 798 1982 an
819 1950 898 1982 nihil
920 1951 1001 1982 aliud
1023 1950 1133 1982 melius
1155 1952 1186 1982 iu
1209 1950 1289 1982 huuc
1312 1951 1411 1982 locum
1435 1952 1572 1993 quadret.
1611 1952 1714 1990 Quid?
1748 1951 1867 1983 Cicero-

66 1998 116 2029 nis
137 1997 310 2030 subsidium
332 2000 364 2031 in
387 2001 469 2031 omni
485 2011 585 2031 rerum
608 2000 782 2032 discrimine
805 2001 1030 2032 validissimum
1053 2012 1153 2033 nonne
1170 2001 1228 2032 fuit
1247 2002 1348 2043 ipsum
1366 2002 1455 2033 illud:
1479 2013 1598 2038 ,cursus
1620 2001 1766 2041 retinere,
1789 2012 1868 2042 quos

67 2048 166 2088 prima
186 2059 206 2080 a
225 2053 313 2090 parte
334 2050 479 2081 iuventae
501 2051 644 2092 petierat‘
667 2055 721 2082 aut
743 2051 823 2092 quod
837 2051 939 2092 paullo
962 2051 1041 2083 infra
1063 2053 1094 2083 in
1111 2052 1218 2083 cadem
1241 2052 1374 2093 epistula
1396 2052 1516 2084 scribit:
1540 2051 1583 2089 εἷς
1605 2052 1719 2089 οἰωνὸς
1734 2051 1864 2094 ἄριστος

67 2095 258 2137 α’μύνεσθαι
279 2103 355 2140 περὶ
372 2099 509 2141 πάτρηςς
532 2100 716 2142 Requiretur
735 2102 867 2133 fortasse
884 2112 973 2142 nuuc,
996 2102 1254 2143 quemadmodum
1274 2103 1377 2134 Cicero
1396 2103 1546 2134 vocabulo
1564 2101 1762 2144 κατᾰρκεσις,
1785 2102 1868 2144 quod

66 2149 100 2180 in
121 2149 240 2180 sincera
260 2149 433 2181 Graecitate
455 2150 572 2182 nullum
598 2155 655 2191 cst,
685 2152 732 2182 uti
752 2153 896 2193 potuerit.
938 2154 978 2184 At
1002 2151 1136 2184 Romani
1159 2163 1265 2194 graece
1294 2153 1453 2194 loquentes
1477 2158 1508 2184 et
1530 2153 1707 2191 scribentes,
1729 2157 1764 2184 ut
1786 2153 1867 2184 Boo-

67 2199 130 2230 tius
150 2198 181 2230 h.
203 2198 223 2230 l.
245 2200 414 2231 rectissime
435 2200 606 2241 adnotavit,
629 2201 726 2233 multa
741 2212 803 2233 non
821 2202 981 2234 emendate
1002 2207 1194 2244 usurparunt,
1218 2214 1297 2244 quae
1319 2203 1368 2234 vel
1393 2215 1411 2235 a
1430 2203 1555 2235 Graecis
1578 2203 1758 2244 aequalibus
1781 2213 1867 2235 acc&

67 2252 178 2290 pemnt
203 2249 252 2280 vel
274 2250 332 2290 ipsi
359 2250 523 2282 finxerunt.
567 2251 634 2290 Qua
662 2251 699 2283 dc
729 2263 824 2284 causa
845 2263 951 2284 vocem
977 2251 1168 2293 κατάρκεσις
1190 2253 1402 2285 commendare
1424 2265 1485 2285 non
1509 2254 1657 2291 dubitavi,
1687 2255 1866 2295 praesertim

68 2309 164 2340 quum
190 2299 317 2331 verbum
337 2307 511 2340 καταρκεῒν
532 2301 638 2333 eodem
661 2301 724 2333 fere
746 2313 840 2333 sensu
862 2307 954 2344 atque
976 2301 1089 2344 α’ρκεῑν
1111 2314 1129 2334 a
1151 2303 1276 2335 Graecis
1299 2305 1438 2345 usurpari
1454 2304 1574 2336 soleret.
1607 2304 1761 2336 Ciceronis
1775 2305 1868 2345 igitur

72 2350 176 2381 animo
206 2350 403 2382 statuendum
439 2354 488 2382 est
512 2350 588 2382 illud
615 2351 817 2393 Sophocleum
847 2352 974 2395 ἄρκεσις
1001 2353 1199 2385 obversatum
1227 2365 1313 2394 csse,
1346 2366 1439 2396 quum
1465 2366 1496 2386 v.
1525 2353 1716 2396 κατᾰρκεσις
1742 2354 1870 2386 adhibe-

122 2424 144 2455 ¹)
162 2430 196 2450 ex
213 2423 259 2455 eis,
278 2432 346 2458 quae
358 2426 570 2460 Wesenbergius
587 2434 613 2460 p.
631 2427 664 2453 47
681 2430 830 2460 enumerat,
848 2429 978 2462 exemplis
996 2436 1079 2456 unum
1099 2429 1242 2463 eligimus:
1261 2431 1320 2457 Att.
1333 2430 1381 2462 VI,
1395 2431 1418 2463 1,
1431 2431 1446 2456 7
1465 2430 1497 2456 id
1514 2433 1631 2458 rectum
1647 2430 1676 2458 in
1688 2430 1758 2458 MZb
1772 2430 1868 2464 depra-

170 2467 265 2492 vatam
282 2470 326 2493 est
342 2467 371 2494 in
389 2468 562 2495 decretum.

126 2509 152 2540 ⁸>
169 2507 218 2534 ott.
235 2507 347 2543 ‘Kx-liget
364 2509 410 2536 Gr.
428 2510 504 2544 Synt.
522 2518 548 2545 p.
567 2511 617 2538 344
634 2512 709 2545 ,xuni
727 2511 834 2547 Begriff
849 2512 897 2539 der
916 2512 1168 2546 Vonstandigkeitz
