2100 2884
1093 171 1145 207 13

207 279 352 322 opinione
373 279 548 311 arctissime
574 277 789 320 coniungenda
810 281 884 310 sunt
905 289 975 310 cum
997 289 1028 310 v.
1050 278 1255 322 παρέδωκεν)
1278 283 1309 311 et
1330 278 1502 312 διελύσατο
1524 291 1578 322 pro
1601 280 1756 314 infinitivo
1779 291 1825 321 eo,
1848 283 1900 323 qui
1923 285 2022 315 conti-

196 333 299 364 inetur
326 331 358 362 in
387 329 500 362 litteris
528 330 901 368 ΔΙΕΥΛΥΤΗΟΘΛΙ,
931 329 986 361 sed
1015 329 1148 361 inversis
1174 330 1235 370 eis,
1263 340 1342 371 quae
1371 330 1422 363 ille
1444 330 1607 371 disseruit,
1635 342 1693 364 nos
1722 331 1934 365 concludimus
1963 335 2022 367 ita:

206 381 437 414 nominativum
458 378 701 421 κληρονομήσας
723 383 902 421 corruptum
925 390 994 412 esse
1016 380 1187 412 ostendunt
1207 384 1240 411 et
1261 382 1433 413 accusativi
1453 380 1571 414 ἑαυτόν
1592 394 1627 413 τε
1649 374 1836 423 ὀφείλοντα,
1858 385 1912 426 qni
1934 390 2023 416 ante—

208 431 332 472 cedunt,
353 435 386 464 et
406 430 564 470 infinitivi,
587 430 639 471 qui
662 433 843 471 sequuntur.
877 430 1056 462 Infinitivus
1073 431 1310 472 κληρονομῆσαι
1332 432 1445 473 pendet
1467 443 1505 464 ex
1527 433 1644 464 omisso
1666 433 1762 464 verbo
1785 433 1916 475 dicendi,
1939 436 2021 476 quod

207 493 245 515 ex
266 494 298 516 v.
319 481 491 523 παρέδωκε
513 480 719 523 supplendum
741 484 798 521 est,
821 482 866 513 ita
888 485 924 512 ut
946 492 966 513 a
986 481 1090 513 verbis
1113 485 1167 513 καὶ
1187 483 1273 521 μνᾶς
1294 482 1532 524 κληρονομῆσαι
1554 484 1681 525 incipiat
1703 485 1802 515 oratio
1825 485 1961 526 obliqua.
1982 505 2024 510 -

206 533 418 574 Relinquitur,
443 536 484 588 Nut
508 542 679 574 exponam,
707 531 969 573 quemadmodum
999 532 1189 563 infinitivum
1215 532 1490 575 ,διευαυτησϋιιιι
1518 534 1675 566 emendam
1701 534 1805 566 velim.
1862 536 1919 568 Hic
1947 537 2023 570 mihi

205 582 311 623 verba,
340 594 419 624 quae
449 587 636 625 sequuntur:
665 583 815 622 ,πρῶτον
842 583 904 622 μὲν
927 585 983 613 ἵνα
1011 582 1124 614 πάνια
1154 581 1311 624 σώζηται,
1340 582 1494 625 δεύτερον
1524 585 1560 616 δὲ
1587 588 1641 616 ἳνα
1668 585 1769 626 μηδὲ
1795 587 1873 616 τῶν
1901 586 2024 620 τόκων

205 631 399 678 ὀλιγωρήσῃς
427 646 455 664 κ.
479 645 506 665 τ.
528 633 572 664 2.st
602 632 797 676 respicienda
825 643 895 664 esse
922 632 1078 665 videntur.
1128 633 1204 665 Nam
1233 644 1328 674 quum
1358 633 1461 666 Cicero
1490 636 1675 666 nominatim
1699 636 1737 667 de
1759 637 1876 676 usuris,
1909 647 1948 669 ne
1971 648 2024 670 eas

204 685 328 717 Atticus
350 684 506 726 negligat,
534 684 630 716 verba
658 685 766 723 faciat,
794 683 997 716 Philotimum
1024 685 1190 716 mentitum
1221 695 1289 716 esse
1313 685 1420 726 opinor
1442 685 1512 717 illas
1535 696 1571 717 ex
1594 685 1821 718 hereditatibus
1847 688 1950 719 minas
1976 689 2024 721 bis

205 739 372 768 sexcentas
394 735 602 777 quadraginta
624 734 714 776 culpa
734 734 838 766 liberti
862 735 1059 777 Timothei1)
1084 736 1207 767 omnino
1231 746 1293 767 non
1315 736 1550 768 administratas
1570 746 1637 768 esse
1655 737 1786 778 ideoque
1809 749 1920 770 usiuas
1943 741 2025 782 exigi

205 796 269 818 non
291 797 393 828 posse.
436 786 546 827 Itaque
568 787 599 817 in
621 785 735 817 litteris
763 787 1113 818 ΔΙΕΥΛΥΤΗ(’ΘΛ[
1139 786 1235 818 latere
1259 787 1399 827 suspicor
1427 787 1616 818 infinitivum
1645 788 1771 828 perfecti
1795 790 1914 830 passivi
1937 791 2023 822 verbi

206 836 428 877 ὁιευθετεῒνῖ)
451 835 480 868 11.
503 846 529 868 e.
552 836 819 877 ,administrare‘2
845 835 1168 878 διευῧετῆσθαι,
1195 847 1286 878 quein
1309 838 1334 868 si
1359 837 1546 869 conferimus
1575 848 1644 869 cum
1667 840 1810 880 vestigiis
1837 840 1951 872 codicis
1973 841 2025 881 M„

205 887 366 920 levissimo
388 887 507 920 librarii
527 887 640 919 mendo
663 891 766 919 ortum
788 897 856 919 esse
879 891 1020 929 apparet:

811 949 887 970 nos:
942 930 1295 971 ’ΔιΕΥΘΕΤΗοΘΛΙ

814 989 910 1021 Med.:
944 991 1303 1021 AIEYAYTHGOAI

206 1050 279 1072 nam
301 1039 424 1080 syllaba
445 1042 514 1071 ΛΥ
532 1050 570 1071 cx
593 1040 733 1081 repetitis
756 1039 870 1071 litteris
892 1042 921 1072 A
942 1044 974 1071 et
1002 1042 1041 1077 Y,
1070 1052 1148 1081 quae
1170 1041 1259 1072 initio
1282 1040 1442 1082 leguntur,
1465 1044 1573 1073 coorta
1599 1042 1746 1074 facillime
1768 1044 1935 1084 genuinam
1957 1045 2023 1085 syl-

206 1089 310 1123 labam
335 1091 396 1122 ΘΕ
421 1101 617 1122 summovere
640 1091 751 1132 potuit.
808 1091 879 1123 Jain
907 1102 981 1122 vero
1011 1091 1123 1123 verba:
1152 1090 1276 1123 τούτων
1298 1091 1334 1123 d&
1364 1091 1446 1133 μηδὲ
1477 1091 1595 1132 ὀβολὸν
1623 1093 1862 1135 &evangelum
1889 1094 2026 1127 πάντων

205 1139 454 1183 δφειληθέντων
474 1154 502 1172 κ.
525 1153 554 1172 τ.
576 1142 603 1172 λ.
627 1142 780 1173 vertenda
801 1146 893 1173 suut:
917 1141 1037 1181 ,harum
1061 1147 1167 1174 autem
1189 1152 1226 1173 ne.
1250 1142 1374 1174 obolum
1398 1142 1523 1183 quidem
1538 1143 1791 1176 administratum
1815 1155 1892 1185 esse,
1915 1157 2024 1187 quam-

205 1202 300 1234 quam
329 1193 434 1223 omnia
463 1192 570 1224 debita
591 1197 698 1224 essent
727 1203 746 1223 a
768 1192 837 1224 Kal.
860 1192 960 1224 Febr‘.
1016 1192 1090 1224 Fuit
1120 1194 1199 1224 cuim
1222 1212 1262 1216 -
1293 1198 1328 1224 ut
1351 1193 1494 1233 equidem
1516 1195 1702 1236 interpretor
1724 1214 1764 1218 --
1786 1194 1946 1228 Philotimi
1969 1202 2026 1229 aut

205 1241 361 1275 Timothei
385 1242 479 1282 illius,
502 1243 533 1273 in
557 1254 648 1284 quem
671 1242 859 1274 Philotimus
881 1242 1003 1284 culpam
1026 1244 1187 1285 transfert,
1218 1255 1330 1276 nomen
1361 1244 1438 1275 illud
1466 1255 1503 1276 ex
1526 1244 1752 1277 hereditatibus
1775 1247 1947 1278 constituta
1976 1248 2026 1279 die

205 1293 278 1336 (τοῦ
302 1293 453 1334 δευτέρου
475 1293 578 1335 μηνός
599 1295 636 1337 τῇ
659 1296 835 1335 νουμηνίᾳ)
859 1295 981 1335 exigere
1005 1300 1208 1337 exactumque
1231 1295 1379 1326 collocare
1402 1299 1458 1326 aut
1480 1300 1560 1327 certe
1583 1307 1707 1337 operam
1731 1297 1812 1336 dare,
1837 1301 1872 1328 ut
1894 1299 1932 1336 ei,
1956 1300 2024 1340 qui—

205 1343 266 1376 bus
293 1343 371 1376 illud
397 1354 508 1375 nomen
540 1344 821 1385 pernumerandum
852 1349 927 1383 erat,
955 1356 975 1376 a
1002 1344 1071 1376 Kal.
1094 1345 1182 1393 Febr.
1214 1356 1340 1377 usuram
1363 1346 1547 1387 penda-enm
1576 1347 1631 1378 sed
1661 1351 1827 1390 utrumque
1850 1349 2025 1390 neglectum

206 1405 278 1427 esso
299 1394 486 1427 Philotimus
509 1396 659 1427 mentitus
689 1406 756 1426 esse
783 1396 916 1435 videtur,
939 1396 1035 1437 quod,
1066 1398 1186 1437 opinor,
1211 1397 1312 1428 usuris
1329 1396 1507 1428 Ciceronem
1523 1397 1667 1429 fraudare
1687 1399 1866 1431 conabatur:
1895 1400 2024 1442 Propte-

207 1455 260 1477 rea
289 1445 371 1487 apud
398 1444 575 1477 Ciceronem
612 1446 862 1478 comnwrabatur
890 1447 1105 1488 exploraturus
1132 1451 1164 1479 et
1192 1447 1307 1489 aliquid
1337 1458 1465 1488 sperans
1492 1447 1617 1489 (παρῆν
1649 1449 1941 1491 κατασκεψόμενος
1969 1455 2027 1483 καί

205 1507 238 1528 τι
258 1495 378 1536 σχεδὸν
407 1496 558 1539 ἐλπίσας)
589 1508 686 1538 eaque
716 1507 769 1538 spe
798 1497 969 1529 destitutus
998 1502 1111 1529 temore
1142 1498 1220 1530 abiit
1242 1499 1480 1539 Ciceronemque
1509 1498 1689 1540 obiurgavit
1711 1502 2024 1542 vctereproverbio:

207 1545 262 1585 ,τοὶ
285 1549 346 1587 μὲν
369 1545 544 1586 διδόμεναι
567 1557 608 1579 sc.
633 1546 758 1589 ἅνάγκη
782 1548 950 1587 delmona,
974 1548 1086 1590 qulbus
1110 1549 1212 1581 verbis
1235 1550 1411 1581 Ciceronem
1434 1549 1519 1581 iubet
1543 1550 1715 1582 rationibus
1737 1551 1820 1583 datis
1843 1557 2025 1586 contentum

206 1607 277 1629 esse
299 1608 471 1638 usurasque
495 1599 619 1630 nomine
642 1600 707 1640 ipso
731 1603 855 1630 servato
878 1598 1043 1640 negligere.

307 1648 448 1689 Denique
471 1649 644 1681 accedimus
668 1649 705 1681 ad
730 1649 894 1691 epistulam
924 1649 990 1681 libri
1015 1650 1043 1681 X
1067 1651 1190 1691 saepius
1219 1652 1278 1682 iam
1309 1653 1540 1683 commemorati
1573 1651 1803 1693 duodecimam,
1832 1654 1864 1685 in
1887 1666 1948 1696 qua
1970 1667 2023 1687 ex-

207 1702 307 1730 trema
333 1698 431 1730 oeulis
461 1703 625 1731 occurrunt
651 1700 774 1731 litterae
803 1703 1067 1737 ARIJIOAON,
1099 1700 1136 1731 ad
1165 1712 1245 1742 quac
1273 1701 1514 1743 Wesenbcrgius
1545 1703 1582 1733 dc
1605 1703 1822 1735 emendatione
1853 1704 2022 1746 desperans

207 1749 358 1790 (Emend.
384 1748 471 1781 alter.
503 1761 531 1791 p.
564 1751 654 1792 122):
688 1751 783 1791 ,Quid
809 1752 838 1782 iu
868 1751 888 1787 †
911 1753 1157 1783 AKIJIOAON
1183 1752 1316 1791 lateat‘,
1350 1752 1491 1791 adnotat,
1522 1753 1715 1795 ,Madvigius
1744 1754 1856 1796 aliquis
1883 1756 2023 1788 videatl‘

207 1799 403 1841 Manutiique
430 1801 638 1832 coniecturam
667 1801 787 1841 ἄκιμον
809 1801 873 1842 (vel
897 1803 1002 1843 potius
1024 1800 1195 1845 α’κὲσιμον)
1219 1802 1426 1844 amplectitur.
1459 1804 1530 1843 Sed,
1553 1807 1589 1835 111
1610 1804 1674 1836 alia
1695 1806 1887 1845 omittamus,
1911 1807 2025 1839 codicis

207 1849 248 1881 M.
263 1850 399 1891 vestigia
421 1851 445 1881 si
471 1852 634 1891 intuemur,
666 1863 765 1893 neque
789 1853 863 1884 illud
885 1852 1015 1884 Δ111111111ῐί
1040 1854 1168 1894 probare
1191 1864 1357 1895 possumus
1379 1865 1478 1895 neque
1501 1866 1581 1896 quae
1604 1855 1643 1886 ab
1666 1856 1737 1887 aliis
1760 1858 1918 1897 proposita
1940 1863 2024 1899 sunt,

207 1900 307 1932 veluti
334 1899 417 1944 ἦθος
438 1899 618 1940 ’Λχίλλειον
648 1903 821 1945 (Cohetus‘),
850 1904 970 1947 διὸαχῇ
998 1902 1126 1935 ἁλωτόν
1149 1904 1307 1946 (Bosius),
1335 1905 1412 1944 alia,
1441 1916 1520 1946 quae
1543 1916 1723 1938 enumerare
1753 1907 1878 1948 longum
1901 1913 1960 1940 est.
1983 1928 2024 1932 —

207 1951 309 1983 Verba
331 1951 486 1983 Ciceronis
509 1952 584 1983 haec
606 1958 697 1985 suut:
729 1955 821 1993 ,Nos
847 1955 996 1993 iuveni,
1027 1958 1070 1985 ut,
1102 1965 1235 1995 rogas,
1265 1956 1619 1997 suppeditabimus
1647 1961 1685 1988 et
1708 1957 2023 1998 Peloponnesum

207 2003 330 2044 ipsam
353 2003 657 2035 sustinebimus.
692 2005 761 2036 Est
784 2006 883 2036 enim
907 2005 1091 2036 indolens
1116 2005 1193 2047 (W.:
1219 2006 1338 2038 indoles
1361 2006 1543 2048 excellens),
1568 2008 1676 2039 modo
1700 2008 1863 2048 aliquod
1888 2010 1926 2041 in
1947 2010 2023 2053 (W.)

207 2052 275 2085 hoc
296 2054 353 2084 sit
374 2051 474 2094 ἤῧος
491 2057 694 2086 Aluum!
707 2058 778 2086 ΟΝ.
810 2056 914 2093 Quod
934 2056 964 2086 si
988 2055 1114 2087 adhuc
1131 2056 1280 2087 nullum
1305 2062 1382 2098 cst,
1406 2068 1489 2089 esse
1506 2062 1625 2089 tamen
1641 2064 1784 2100 potest,
1808 2064 1878 2091 aut
1899 2058 2022 2103 α’ρετὴ

207 2114 283 2136 uon
306 2107 368 2135 est
391 2103 609 2140 ὁιὸακιόν,
633 2105 735 2146 quod
759 2105 851 2136 1111111
877 2106 1111 2148 p‹‚·rsuadcri
1134 2117 1208 2138 non
1233 2113 1370 2148 poti-st.

305 2155 446 2192 Iuvenis,
477 2155 514 2185 do
544 2167 602 2196 111111
626 2156 729 2187 Cicero
759 2157 879 2196 scribit,
909 2158 1043 2196 Quintus
1074 2157 1155 2189 tilius
1183 2164 1247 2197 est,
1278 2160 1328 2200 11111
1354 2171 1446 2200 quum
1475 2159 1526 2191 illo
1555 2164 1689 2200 ternpore
1713 2160 1854 2192 (hu—saris
1881 2161 2022 2202 partibus

208 2204 336 2242 faveret,
359 2206 423 2235 suis
447 2217 559 2244 magno
575 2210 639 2236 crat
662 2206 757 2237 dolori
782 2207 833 2239 cfr.
858 2207 894 2239 ad
913 2210 975 2238 Ati..
1000 2208 1036 2242 X,
1055 2209 1084 2241 4,
1107 2209 1127 2237 ἴ)
1149 2213 1182 2239 et,
1203 2211 1236 2240 ti:
1262 2209 1350 2245 ,alter
1371 2229 1412 2232 —
1435 2222 1452 2240 11
1477 2222 1538 2241 rem
1563 2211 1718 2241 miseram!
1744 2209 1820 2242 nihil
1841 2212 1923 2243 enim
1946 2212 2020 2244 mihi

209 2255 320 2288 accidit
349 2257 378 2287 iu
407 2262 474 2287 tota
500 2258 565 2287 vita
593 2257 733 2288 111-11111113
755 2275 795 2280 —
820 2257 1012 2298 indulgentia
1042 2259 1315 2291 vi1l‹.·lic0tn·.su·a
1343 2260 1532 2302 depravatus
1563 2273 1605 2290 e.»
1629 2262 1844 2302 processit,
1873 2274 1933 2303 quo
1960 2273 2019 2294 non

269 2350 291 2380 ¹)
308 2349 356 2375 τόν
373 2350 402 2375 δὲ
421 2348 603 2382 “Hebe-'nquit
621 2349 706 2374 αὐτοῦ
724 2348 841 2376 (Milonis
860 2352 891 2376 111
909 2349 1024 2377 Boetius
1043 2350 1172 2383 conjecit3
1191 2352 1293 2378 rectius
1313 2353 1430 2380 fortasse
1450 2353 1530 2385 αιὶιῆς
1551 2352 1766 2386 Wesenbergius
1784 2354 1938 2388 proposuit)
1957 2355 2022 2380 ὄντα

309 2390 459 2424 ὁμώνυμον
478 2395 514 2425 1111
536 2392 662 2418 Λιῖνωνυς
682 2393 769 2424 narni.

268 2433 289 2462 ²)
309 2432 463 2458 ‹tun-smine:
484 2440 559 2459 suum
580 2433 703 2464 quodque
725 2433 781 2459 luco
800 2436 828 2460 et
847 2432 940 2460 ordine
960 2433 1066 2467 «ligem,
1094 2434 1221 2462 concinne
1239 2443 1308 2469 pono
1328 2439 1356 2462 ct
1375 2436 1483 2469 colloco,
1508 2437 1596 2470 Etym.
1616 2436 1652 2463 M.
1671 2445 1695 2470 p.
1715 2437 1770 2470 ῖ26,
1796 2439 1811 2464 9
1828 2442 1963 2472 κοσμῆσαι
1981 2439 2025 2464 καὶ

311 2474 478 2506 anu-'unwan
498 2475 592 2500 πάνια.
616 2476 800 2509 (Stephanus).
