2100 2884
1127 192 1154 226 9

228 299 511 336 ΕΟἿὈΤΟΥΟΥ,
540 308 560 330 a
585 297 696 339 quibus
722 299 922 339 pervenimus
944 298 983 330 ad
1005 299 1102 330 verba
1122 301 1414 333 ECTOIOYTOY
1432 300 1453 333 i.
1477 312 1503 334 e.
1527 301 1561 334 ἐκ
1587 302 1738 336 τοιούτου
1766 304 1913 347 (fortasse
1935 306 1970 338 ἐκ
1992 309 2053 340 τοῦ

231 346 407 390 τοιούτοιν).
436 349 523 388 Quae
544 347 668 389 quidem
690 348 788 380 verba
809 349 849 380 ad
865 350 963 381 totius
979 350 1130 381 enuntiati
1155 350 1429 384 confoimationem
1445 353 1560 394 optime
1576 354 1727 396 quadrare
1750 355 1834 388 haud
1856 356 1981 389 difficile
2003 362 2053 391 est

229 398 273 431 ad
293 398 578 431 demonstrandum.
622 399 699 430 Nam
722 400 749 430 si
772 410 810 432 ex
832 410 884 439 co,
914 399 996 440 quod
1019 401 1175 432 antecedit
1202 403 1363 434 enuntiato
1385 403 1494 445 (istam
1517 428 1524 436 .
1548 428 1556 436 .
1580 428 1586 436 .
1611 429 1618 436 .
1645 416 1665 436 a
1691 409 1721 436 te
1743 407 1882 439 auditam
1905 418 1974 440 esse
1996 408 2050 441 de-

228 448 350 492 miror),
368 449 410 481 ad
431 448 528 481 verba
549 449 583 480 ἐκ
605 449 755 482 τοιούτου
776 449 959 492 supplentur
980 450 1089 482 eadem
1104 451 1159 483 illa
1180 452 1277 484 verba
1292 454 1394 492 ,istam
1411 465 1430 485 a
1453 458 1483 485 te
1505 455 1646 486 auditam
1667 458 1756 496 esse‘‚
1779 458 1883 490 onmia
1903 469 2050 501 prospere

229 499 360 532 cadunt:
389 509 478 540 ,nam
502 500 582 542 quod
606 511 675 532 eam
704 500 878 532 collaudavi
907 500 989 542 apud
1018 503 1134 533 amieos
1157 502 1355 535 audientibus
1379 505 1476 536 tribus
1498 505 1572 537 ffliis
1601 507 1668 538 eius
1690 511 1721 538 et
1743 506 1809 539 filia
1831 512 1893 542 tua.
1922 509 1958 541 ἐκ
1980 520 2049 542 τοι-

226 548 323 582 ούτω)
345 548 390 591 (h.
412 560 439 589 e.
463 550 502 582 ob
524 554 589 582 tam
609 550 713 583 levem
735 561 861 583 causam
882 552 975 583 istam
1000 562 1019 583 a
1041 556 1072 584 te
1094 553 1232 585 auditam
1256 555 1348 595 esse),
1371 556 1443 595 quid
1467 561 1515 588 est
1535 555 1612 588 hoc?
1635 556 1726 598 (nibil
1748 558 1830 599 est)‘.
1862 559 1922 591 Cur
1944 564 2048 592 autem

227 599 413 643 orellius1),
441 600 586 642 Bootius,
608 601 662 634 alii
683 603 715 633 in
737 611 813 633 voce
835 603 920 642 ‚tua‘
943 603 1068 643 optimis
1090 603 1177 635 libris
1199 607 1316 635 testata
1343 605 1546 643 offenderent,
1576 617 1626 638 me
1648 619 1710 640 non
1731 608 1923 641 intellexisse
1952 611 2048 643 confi-

224 653 307 684 teor:
336 661 411 683 nam
433 651 590 684 ablativus
618 651 723 692 ‚filiis‘
752 663 814 684 non
836 653 1000 684 masculini
1022 654 1075 685 sed
1099 654 1238 686 feminini
1260 656 1384 696 generis
1411 661 1458 688 est
1480 667 1534 698 pro
1562 657 1728 700 ‚filiabus‘,
1757 670 1836 701 quas
1863 663 2048 694 convenisse

221 702 325 735 Attica
346 702 478 742 videtur,
501 714 570 735 cum
592 702 695 734 Cicero
718 702 803 734 illam
827 703 987 735 mulierem
1011 703 1211 737 collaudaret.

320 752 433 786 Restat
454 758 490 785 ut
511 753 548 785 de
570 753 670 785 forma
692 754 844 794 ‚aritia‘
869 754 1019 796 epistulae
1042 755 1292 788 undevicesimae
1314 755 1385 788 libri
1399 757 1483 798 XIV,
1505 768 1583 799 quae
1606 758 1707 790 adbuc
1729 762 1867 793 omnium
1889 761 2044 795 editorum

219 805 252 836 in
274 815 308 837 se
330 804 460 836 contulit
481 814 615 846 operam,
638 804 899 846 quemadmodum
922 804 998 836 1111111
1020 806 1214 838 emendanda
1236 817 1306 838 esse
1328 807 1481 849 videatur,
1505 819 1674 850 exponam:

321 854 410 894 ‚Sed
433 865 512 887 cum
527 853 768 886 Dolabellae
789 855 810 893 †
830 856 955 888 aritia
976 874 1017 879 -
1040 857 1095 887 sic
1118 857 1214 888 enim
1237 861 1274 889 tu
1297 858 1341 889 ad
1363 869 1418 890 me
1440 860 1662 901 scripseras
1685 879 1726 883 --
1748 872 1885 904 magna
1911 863 2047 906 d'espe-

219 906 372 938 ratione
394 905 568 938 affectus
591 916 725 945 essem,
749 916 834 937 ecce
858 906 931 938 tibi
955 910 990 938 et
1012 906 1125 938 Bruti
1148 915 1182 939 et
1205 911 1294 940 tuae
1317 908 1500 941 litterae‘.

321 955 485 989 Dolabella
506 957 630 988 etiamsi
653 956 797 988 Cicerone
819 957 872 989 illo
895 962 1031 999 tempore
1053 959 1242 991 amicissimo
1264 959 1412 991 utebatur
1435 964 1466 992 et
1487 972 1583 1003 supra
1611 961 1737 993 modum
1760 961 1904 996 laudibus
1927 965 1966 997 ab
1990 965 2044 999 illo

222 1005 455 1049 efferebatur-²),
486 1006 569 1048 quod
592 1005 723 1038 Caesare
751 1008 913 1040 interfecto
942 1008 1117 1040 columnam
1141 1009 1264 1042 Caesari
1293 1011 1324 1041 in
1356 1010 1422 1042 foro
1450 1013 1584 1053 positam
1607 1015 1762 1044 everterat
1789 1017 1820 1046 et
1849 1025 1956 1047 severe
1977 1017 2045 1048 ani-

223 1057 434 1090 madverterat
455 1059 488 1089 in
516 1057 651 1090 audaces
673 1068 781 1090 servos
803 1063 834 1091 et
855 1058 991 1091 nefarios
1013 1059 1127 1091 liberos
1150 1079 1191 1083 —
1219 1059 1392 1101 ἀριστείαν
1420 1062 1525 1094 Cicero
1547 1062 1729 1095 Dolabellae
1756 1075 1821 1095 rem
1847 1070 1968 1107 gestam
1990 1078 2045 1109 ap-

222 1107 319 1151 pellat
338 1127 389 1150 —‚
411 1112 515 1140 tamen
539 1119 585 1148 ea,
608 1119 687 1150 quae
709 1108 778 1140 Kal.
802 1109 867 1141 Ian.
892 1109 1055 1150 debuerat,
1085 1122 1147 1142 non
1169 1111 1369 1153 persolverat.
1415 1113 1503 1152 Quod
1531 1125 1625 1155 quum
1648 1113 1752 1146 Cicero
1775 1126 1811 1147 eo
1835 1117 1963 1157 gravius
1986 1118 2046 1150 fer-

221 1162 279 1200 ret,
301 1170 363 1202 quo
381 1161 485 1191 minus
499 1159 680 1191 Dolabellae
701 1158 849 1201 οἶριστειά
864 1162 965 1193 Attico
981 1162 1171 1203 probabatur
1184 1181 1225 1186 —
1245 1162 1420 1203 accedebat,
1440 1164 1521 1205 quod
1537 1164 1700 1196 Dolabella
1722 1165 1830 1198 eodem
1853 1171 1990 1209 tempore
2012 1179 2046 1200 se

220 1211 359 1243 maximo
383 1221 453 1242 aere
476 1210 577 1242 alieno
600 1209 723 1242 Faberii
744 1221 840 1242 manu
862 1211 1010 1244 liberarat
1024 1231 1074 1253 —‚
1098 1212 1294 1245 acerbissime
1318 1213 1355 1244 de
1379 1224 1414 1245 eo
1438 1225 1506 1246 cum
1528 1216 1630 1248 Attico
1652 1217 1684 1248 in
1707 1217 1850 1258 epistula,
1873 1229 1953 1260 quae
1974 1218 2045 1251 huic

219 1260 386 1303 praeeedit,
409 1263 620 1303 conqueritur:
645 1265 757 1301 ,totum
780 1266 810 1293 te
827 1272 845 1293 a
868 1273 900 1293 se
916 1261 1109 1295 abalienavit
1128 1263 1290 1295 Dolabella
1312 1274 1350 1296 ca
1372 1264 1408 1296 (16
1432 1276 1536 1306 causa,
1559 1277 1619 1307 qua
1641 1278 1690 1298 me
1713 1278 1834 1309 quoque
1858 1268 1918 1300 sibi
1941 1270 2044 1301 inimi-

222 1312 383 1344 cissimum
404 1311 556 1344 reddidit‘.
599 1312 645 1344 Ad
668 1323 746 1354 quae
768 1314 888 1345 Atticus
912 1314 955 1344 ita
977 1314 1174 1356 respondisse
1196 1314 1329 1354 videtur,
1352 1319 1387 1346 ut
1407 1316 1545 1348 moribus
1568 1317 1750 1350 Dolabellae
1773 1319 1934 1361 descriptis
1957 1319 2044 1352 illum

221 1372 342 1405 semper
363 1363 409 1394 ita
430 1363 532 1404 egisse
555 1367 586 1394 et
608 1367 749 1395 acturum
772 1374 840 1395 esso
864 1364 1049 1397 ostenderet.
1092 1365 1159 1397 Iam
1181 1365 1301 1403 eodem,
1326 1376 1385 1407 quo
1408 1366 1529 1399 Atticus
1557 1379 1634 1399 usus
1657 1373 1723 1401 erat
1743 1369 1907 1410 vocabulo,
1938 1369 2043 1403 Cicero

222 1423 346 1456 quoque
371 1414 469 1445 utitur
497 1413 531 1455 (†
546 1415 638 1446 aritia
659 1433 700 1437 —
722 1415 765 1446 sic
795 1415 877 1446 enim
907 1418 940 1446 tu
969 1417 1135 1457 scripseras
1157 1415 1222 1458 —),
1252 1416 1334 1458 quod
1362 1427 1399 1448 ex
1426 1428 1539 1459 graeca
1565 1418 1675 1460 lingua
1701 1419 1918 1462 depromptum
1945 1420 2044 1453 fuisse

216 1474 329 1499 „omnes
351 1461 538 1504 statuerunt,
561 1465 613 1505 (1111
635 1464 760 1506 quidem
782 1466 874 1497 Attici
896 1466 993 1498 verba
1015 1477 1127 1507 graeca
1148 1466 1254 1498 latinis
1278 1467 1432 1499 inserendi
1457 1469 1713 1502 consuetudinem
1736 1471 1928 1512 premebant.
1968 1470 2043 1503 Bai-

218 1517 304 1547 terus
326 1515 358 1546 in
381 1518 501 1546 textum
523 1516 637 1556 recepit
658 1527 688 1546 v.
713 1517 876 1555 ,avaritia‘,
899 1518 981 1558 quod
1004 1518 1158 1549 Victorius
1179 1520 1349 1560 proposuit,
1379 1520 1431 1560 qui
1453 1520 1687 1553 emendationes
1709 1521 1793 1554 illius
1815 1526 1918 1554 aetate
1940 1522 2042 1564 prola-

217 1569 268 1598 tas
289 1564 388 1606 (Bosii
412 1563 539 1604 α’τισίᾳ,
568 1565 697 1597 aliorum
721 1565 884 1609 α’ριστείᾳ)
914 1569 977 1599 iure
1000 1568 1196 1610 improbavit.
1246 1568 1370 1601 Baitero
1399 1580 1461 1601 non
1491 1572 1661 1603 assentior:
1691 1583 1764 1604 nam
1787 1574 1919 1614 primum
1948 1584 2042 1606 voca-

217 1615 325 1648 bulum
347 1617 500 1656 ,avam‘tia‘
524 1616 654 1648 latinum
677 1621 734 1656 est,
757 1629 852 1659 quum
875 1629 1019 1659 graecum
1048 1623 1258 1660 expectennis;
1290 1619 1399 1651 deinde
1422 1622 1534 1653 vitium
1557 1623 1806 1663 ,avaritiae‘,
1834 1625 1955 1656 etiamsi
1978 1624 2041 1656 Do-

217 1666 352 1699 labellae
374 1666 513 1698 moribus
535 1678 598 1698 non
620 1667 757 1699 alienum
774 1669 891 1710 erat³)‚
915 1671 977 1711 qui,
1001 1680 1097 1710 quum
1114 1680 1183 1701 aere
1205 1670 1306 1702 alieno
1326 1672 1462 1703 maximo
1479 1677 1683 1713 premeretur,
1705 1684 1826 1716 semper
1845 1685 2042 1717 summopere

219 1727 294 1759 opes
315 1717 374 1749 sibi
397 1719 553 1759 acquirere
575 1718 726 1759 studeret,
755 1723 860 1750 tamen
884 1719 959 1751 1111111
983 1721 1167 1761 persuadere
1189 1732 1251 1752 non
1274 1732 1402 1763 possum
1424 1722 1632 1763 Dolabellam,
1661 1724 1744 1766 quod
1766 1735 1880 1757 nomen
1902 1725 2041 1757 debitum

221 1769 254 1800 111
275 1771 413 1810 tempore
435 1779 498 1799 11011
520 1768 725 1809 dissolvisset,
749 1769 787 1801 ab
811 1771 913 1801 Attico
937 1782 1067 1803 avarum
1090 1771 1281 1813 appellatum
1305 1783 1383 1804 csse.
1428 1773 1494 1805 Hoc
1514 1778 1561 1806 est
1589 1775 1799 1817 negligentiae
1827 1775 1878 1808 vel
1901 1777 2040 1817 inertiae,

219 1829 281 1851 non
304 1819 465 1858 avaritiae,
495 1819 617 1850 tardum
649 1831 716 1851 csse
747 1822 775 1851 in
805 1821 918 1852 debitis
947 1822 1170 1863 persolvendis.
1215 1823 1254 1855 Et
1276 1824 1411 1864 profecto
1441 1823 1545 1856 Cicero
1575 1836 1729 1867 nusquam
1752 1826 1867 1867 scribit,
1899 1827 1928 1858 id
1957 1826 2040 1869 quod

220 1870 375 1901 victorius
398 1870 426 1900 ei
449 1871 621 1911 supposuit,
646 1870 838 1902 Dolabellam
862 1873 981 1904 solvere
1004 1873 1202 1913 noluisse,
1227 1874 1279 1905 sed
1305 1885 1365 1905 11011
1389 1874 1580 1908 dissolvisse.
1618 1877 1727 1918 Itaque
1751 1887 1789 1908 ne.
1811 1878 1947 1909 Atticum
1970 1878 2039 1919 qui-

222 1921 293 1952 dem
316 1921 344 1951 ei
372 1920 536 1951 avaritiam
567 1921 768 1962 exprobrasse
798 1923 979 1954 crediderim
1008 1923 1175 1965 Orelliique
1205 1925 1308 1966 potius
1337 1926 1544 1958 coniecturam
1574 1924 1750 1967 α’πιστίᾳ
1772 1928 1948 1969 probarem,
1978 1928 2039 1960 nisi

217 1971 299 2003 idem
323 1981 384 2002 non
409 1971 564 2011 ignorans,
588 1976 737 2012 quantum
761 1973 859 2004 fornia
883 1973 1051 2014 ,οἶῑτιστίᾳι
1075 1975 1204 2007 distaret
1234 1987 1252 2007 a
1275 1976 1387 2008 codicis
1409 1977 1449 2008 M.
1473 1977 1632 2018 vestigiis,
1656 1978 1841 2010 addidisset:
1869 1978 1939 2019 ,sed
1961 1978 2038 2011 nihil

219 2023 292 2054 certi
316 2021 432 2052 vidco‘.
477 2022 670 2063 Quamquam
692 2023 766 2055 1111111
791 2025 904 2055 certius
927 2024 1042 2067 aliquid
1066 2027 1183 2057 eruisse
1207 2027 1321 2058 videor.
1366 2027 1402 2058 ln
1425 2027 1601 2069 Arche-typo
1625 2029 1738 2060 codicis
1761 2030 1810 2064 M„
1834 2031 1952 2071 opinor,
1975 2031 2038 2063 iam

218 2083 363 2114 pei-veise
385 2072 533 2112 scriptum
557 2077 636 2105 crat:

1046 2129 1215 2165 ΛΡΙΤΙΛ,

219 2184 312 2215 quam
334 2174 516 2214 scripturam
541 2173 651 2205 litteris
678 2177 741 2206 ΙΤΙ
757 2179 776 2206 4
799 2178 994 2218 transpositis
1018 2178 1144 2209 fluxisse
1166 2184 1249 2220 patet
1273 2191 1310 2210 cx
1334 2179 1445 2211 litteris

826 2230 991 2259 APTIAI
1013 2228 1042 2260 11.
1066 2240 1091 2260 e.
1114 2231 1268 2260 APFIA!
1288 2228 1424 2272 (ἀργίᾳ).

217 2273 409 2305 Vocabulum
432 2273 560 2316 ..ιίργίαι
584 2274 747 2315 (socordia,
771 2277 895 2319 inertia)
920 2278 1096 2319 Stephanus
1122 2281 1151 2310 in
1173 2279 1318 2311 thesauro
1341 2292 1410 2312 611111
1434 2281 1586 2312 vocabulo
1609 2279 1746 2321 α’μέλεια
1769 2283 1914 2324 coniungi
1937 2282 2035 2314 solere

279 2359 302 2388 ¹,
321 2357 450 2384 ofellius:
476 2358 590 2388 mirum,
610 2359 631 2385 si
652 2359 747 2386 Attica
765 2360 896 2387 adsuerit.
932 2364 997 2388 cuni
1018 2363 1105 2389 tribus
1125 2363 1188 2390 tiliis
1208 2368 1274 2398 puto
1293 2364 1376 2391 liliam
1396 2364 1500 2392 illins
1518 2364 1640 2392 mulieris
1658 2366 1774 2393 sermoni
1793 2365 1923 2394 adfuisse.
1966 2368 2036 2393 ῚῪΛ

316 2400 445 2427 accedere
464 2401 545 2427 debet
563 2402 597 2427 ad
618 2401 728 2428 litteras
747 2410 861 2433 graecas
883 2405 924 2428 Τυ
946 2406 1082 2430 Ιῐκτυὶό
1091 2408 1127 2431 Υ·.

277 2445 301 2467 ²>
322 2442 397 2468 Boni.
419 2442 445 2467 ll
466 2451 488 2476 p.
508 2445 565 2470 290.

278 2486 300 2516 θ)
319 2485 366 2511 ct'r.
388 2484 540 2512 Dmmunu:
560 2486 655 2513 Gescb,
675 2487 758 2513 Roms
779 2487 804 2513 11
824 2495 847 2521 p.
868 2488 923 2514 572.

1812 2531 1829 2558 [ὅ
