2100 2884
952 178 977 214 6

518 284 598 321 ,ἄλλ’
623 283 700 318 ἄνα.
722 283 766 326 μὴ
788 283 875 323 τάχα
898 282 980 315 ἄστυ
1003 282 1107 325 πυρὸς
1129 284 1234 326 δηΐοιο
1254 285 1415 327 θέρηταιῧ.

164 337 210 370 Eo
232 337 352 369 facilius
381 340 485 369 autem
507 336 610 367 Cicero
639 335 732 366 verbo
756 336 920 376 ι’)έρεσθοιιι
941 335 986 366 uti
1009 335 1118 376 potuit,
1149 335 1230 376 quod
1252 336 1346 367 etiam
1371 347 1465 377 prosa
1485 337 1624 368 oratione
1646 347 1710 368 non
1731 337 1868 371 alienum

67 393 141 422 erat.
186 389 323 420 Occurrit
345 388 426 419 enim
449 388 479 418 in
502 386 641 418 Platonis
664 384 792 416 Philebo
815 396 844 426 p.
866 385 906 416 46
929 384 1036 416 eadem
1059 386 1127 426 ipsa
1149 385 1248 417 forma
1269 388 1415 427 θέρηται.
1461 386 1521 418 Sed
1542 397 1581 418 ne
1603 388 1724 419 curavit
1745 388 1870 429 quidem

66 444 172 472 auctor
194 439 318 477 latfflus,
346 439 475 470 orationi
499 437 619 468 solutae
641 446 680 466 an
703 435 865 466 devinctae
888 435 987 476 aptior
1008 439 1092 467 esset
1117 446 1179 467 vox
1202 437 1351 477 θέρηται,
1382 447 1476 477 quum
1499 436 1580 468 idem
1605 437 1707 478 paullo
1729 442 1801 479 post
1821 438 1869 470 dj-

66 494 162 522 ceret:
186 489 214 520 εἶ
234 491 407 530 πειρατέον
430 486 587 528 ιῖρὴγειν
607 487 644 527 τῇ
668 485 804 526 πατρίδι
825 488 1071 529 τυραννουμένῃ
1093 498 1118 516 κ.
1138 498 1165 517 τ.
1183 486 1220 523 L,
1248 486 1330 526 quod
1352 486 1480 517 verbum
1503 485 1632 527 α’ρήγειν
1654 491 1776 520 tantum
1806 499 1870 521 non

64 540 146 582 apud
160 543 268 581 poetas
290 538 389 570 solum
406 538 559 569 invenitur
581 536 648 577 (cfr.
670 535 817 577 Stephani
840 535 1001 578 thes.s.v.).
1032 536 1149 575 Quibus
1170 536 1261 568 rebus
1276 537 1424 577 expositis
1447 541 1481 569 ut
1502 538 1534 568 in
1555 537 1625 569 libri
1647 539 1727 570 sexti
1750 539 1868 580 epistu-

65 591 103 623 lis
132 594 242 632 quarta
263 593 294 620 et
324 590 430 629 quinta
452 598 541 619 nemo
565 586 692 619 offendit
719 588 751 617 in
773 587 901 618 vocibus
924 585 1033 628 δάμαρ
1055 590 1087 618 et
1109 586 1268 628 συνάορος
1296 597 1335 618 ex
1364 587 1491 619 astricta
1517 589 1655 619 oratione
1684 587 1866 631 desumptis,

65 643 110 674 sic
130 641 188 672 hoc
211 640 276 671 loco
299 639 427 669 verbum
450 639 614 678 θέρεσθαι
636 648 725 678 spero
747 637 820 676 fore⁷
842 641 878 668 ut
900 637 1041 668 omnibus
1063 637 1286 678 comprobetur.

166 692 243 723 Tum
268 689 431 730 epistulam
454 688 513 720 XII
536 688 606 719 libri
629 688 738 719 decimi
759 688 931 722 videamus.
958 688 990 718 in
1013 698 1074 728 qua
1096 687 1209 726 Cicero,
1238 687 1319 729 quod
1342 689 1370 719 ei
1391 689 1543 720 Antonius
1565 698 1632 719 sese
1654 689 1808 720 neminem
1830 699 1867 722 ex

65 741 158 774 Italia
180 741 334 771 discedere
357 750 520 781 passurum
543 749 611 770 csse
633 739 806 780 scripserat,
829 737 910 769 hunc
931 738 963 768 in
984 738 1110 769 modum
1133 739 1282 779 queritur:

167 792 256 831 ,Quo
273 801 326 821 me
341 800 438 821 nunc
459 789 809 830 vc1·tam‘?nndique
825 788 1042 828 custodior,
1065 788 1127 819 sed
1145 789 1246 820 satis
1264 788 1307 820 de
1323 788 1509 821 lacrimis.
1532 791 1868 821 IIAPAOTAEY-

71 845 204 874 ΤΕΟΝ
226 843 345 883 igitur
367 844 405 872 et
427 840 579 872 occulte
603 841 639 870 in
663 839 826 880 aliquam
849 840 1068 870 onerariam
1092 839 1387 880 corrependum‘.

164 892 306 924 Baiterus
336 892 368 922 in
397 891 597 922 adnotatione
632 891 737 921 critica
764 889 855 921 hasce
886 893 1103 921 commemorat
1132 889 1379 921 emendationes:
1413 889 1686 930 παραπλευστέον
1708 889 1870 931 (Victor.),

66 943 206 984 πάρωρα
228 943 387 973 πλευτέον
409 941 558 981 (Graev.),
581 939 771 982 παραθύρῳ
798 941 919 978 ἐξιτέον
941 939 1075 981 (Cobet.)
1099 939 1244 980 nullaque
1265 939 1395 980 probata
1417 939 1530 971 codicis
1558 940 1598 971 M.
1620 939 1741 971 litteras
1763 939 1870 981 depin-

65 995 122 1035 git;
144 993 382 1034 Wesenbergius
403 991 561 1031 Woffl'lini,
584 1002 661 1032 quae
685 994 733 1022 est
754 992 785 1021 in
806 990 967 1032 Philologo
989 991 1080 1022 XXX
1102 1002 1131 1032 p.
1151 991 1221 1030 115,
1245 990 1532 1032 emendationem*)
1556 991 1810 1030 παρακλεπτὲον
1837 991 1871 1022 in

67 1048 186 1076 textum
214 1044 328 1085 recepit
355 1043 563 1074 acutissimam
593 1053 668 1073 sane
695 1042 793 1082 primo
823 1045 967 1082 aspectu,
1002 1042 1055 1072 sed
1084 1041 1208 1083 longius
1236 1051 1255 1071 a
1282 1040 1396 1072 codicis
1423 1040 1464 1071 M.
1492 1041 1643 1082 scriptura
1667 1040 1871 1072 recedentem.

65 1095 144 1126 Nam
165 1095 267 1126 minus
294 1104 388 1135 urgeo
417 1095 449 1125 iu
473 1094 620 1134 scriptore
648 1092 744 1123 latino
773 1102 881 1133 graeco
908 1092 1051 1133 loquente
1072 1092 1201 1123 verbum
1224 1091 1469 1130 παρακλέπτειν
1491 1090 1549 1122 hac
1571 1091 1724 1123 translata
1745 1092 1872 1123 notione

65 1145 162 1185 ‚clam
190 1145 356 1185 furtimque
382 1143 675 1185 praetergredieudi‘
704 1153 857 1183 nusquam
885 1143 1007 1183 reperiri
1016 1155 1023 1179 ;
1050 1143 1176 1173 maioris
1199 1143 1346 1173 momenti
1374 1145 1436 1175 est.
1465 1140 1546 1182 quod
1568 1142 1638 1182 ipsa
1658 1142 1742 1173 notio
1765 1141 1872 1173 furtim

64 1195 344 1238 praetergrediendi
365 1194 450 1226 haud
472 1195 534 1225 scio
559 1205 598 1225 an
620 1193 720 1233 magis
743 1193 886 1234 quadret,
916 1204 1009 1233 quum
1038 1194 1141 1233 agitur
1169 1192 1207 1223 de
1229 1191 1377 1223 custodiis
1401 1191 1477 1231 illis,
1507 1191 1618 1231 quibus
1639 1202 1724 1223 mare
1748 1191 1871 1223 obside-

65 1246 172 1287 batur,
195 1246 327 1277 navibus
355 1245 472 1277 scilicet
493 1244 722 1286 speculatoriiS,
751 1255 843 1285 quam
867 1244 904 1275 de
927 1243 1169 1284 exploratoribus
1191 1243 1421 1283 emissariisque
1443 1242 1568 1273 Antonii
1597 1241 1649 1283 (X,
1672 1242 1722 1281 18,
1745 1242 1773 1281 1,
1796 1253 1872 1282 ‚om-

65 1307 121 1328 nes
150 1297 233 1328 enim
262 1299 444 1336 Κωρι·καῖοι
469 1295 614 1326 videntur
637 1294 869 1326 subauscultare
892 1304 968 1335 quae
997 1293 1138 1335 loquor‘)‚
1163 1294 1215 1334 qui
1243 1292 1323 1323 dolis
1345 1292 1556 1333 deciperentur
1578 1302 1704 1323 necesse
1727 1296 1806 1333 erat,
1833 1295 1870 1324 ut

66 1347 169 1379 Cicero
189 1351 293 1388 posset
315 1347 473 1388 navigare.
517 1345 602 1384 Quae
624 1346 650 1376 si
672 1349 753 1376 recte
776 1346 915 1386 exposita
943 1348 1027 1384 sunt,
1057 1345 1089 1375 in
1112 1343 1173 1374 illis
1194 1342 1306 1374 litteris
1329 1342 1406 1374 nihil
1428 1343 1487 1373 nisi
1509 1343 1594 1373 notio
1619 1341 1765 1382 ,sallendj,
1790 1342 1871 1374 deci-

65 1397 179 1439 piendi‘
202 1398 301 1428 inesse
323 1401 425 1439 potest
446 1406 575 1437 eamque
597 1395 674 1427 mihi
697 1396 814 1426 eruisse
835 1395 942 1427 videor
964 1395 1064 1426 forma
1085 1394 1345 1436 παραλογιστέον
1367 1393 1536 1435 proposita,
1559 1402 1637 1434 quae
1660 1392 1784 1433 quidem
1801 1403 1871 1435 pro-

66 1448 149 1479 xime
171 1447 288 1479 acccdit
309 1447 349 1478 ad
371 1446 481 1478 ductus
503 1447 640 1478 codicum
663 1447 935 1488 praestant-iorum:

665 1497 730 1528 eod.
753 1497 794 1528 M.
828 1499 980 1527 IIAPAO
991 1497 1240 1527 TAEYTEON

666 1547 735 1578 Zb.:
827 1547 1224 1578 ΠΛΡΛΟΤΛΕΙΤΕΟΝ

665 1608 722 1629 nos
824 1596 1215 1629 HAPAAOFICTEON.

164 1649 299 1691 Apparet
320 1649 378 1680 litt.
393 1652 422 1679 Ε
430 1651 458 1680 Y
476 1648 526 1680 vel
550 1651 600 1685 El,
623 1659 700 1689 quas
722 1648 776 1680 Zb.
799 1647 901 1685 habet,
930 1648 1059 1688 scriptas
1083 1656 1151 1677 csse
1173 1657 1226 1686 pro
1249 1645 1380 1687 simplici
1403 1645 1506 1677 littera
1526 1645 1541 1677 I
1564 1645 1629 1686 (cfr.
1653 1656 1746 1687 supra
1767 1657 1796 1687 p.
1821 1645 1868 1687 1);

66 1700 95 1731 C
119 1699 312 1731 librariorum
334 1699 437 1740 culpa,
467 1703 502 1731 ut
530 1700 669 1740 saepius,
699 1699 825 1735 excidit3
854 1698 974 1729 litterae
999 1699 1104 1731 ΟΤΛ,
1132 1697 1163 1727 in
1194 1697 1306 1737 quibus
1333 1699 1363 1727 T
1383 1696 1549 1737 depravata
1576 1700 1623 1727 est
1650 1706 1687 1727 ex
1709 1696 1812 1728 littera
1833 1699 1866 1732 T.

64 1750 270 1791 transpositae
292 1754 365 1781 sunt
387 1760 424 1781 ex
444 1749 557 1781 litteris
581 1752 677 1781 ΛΟΓ.
699 1768 740 1772 -
768 1749 825 1780 Est
848 1753 952 1780 autem
972 1759 1003 1779 v.
1026 1748 1325 1788 παραλογίζεσθαι,
1354 1746 1435 1787 quod
1465 1746 1596 1778 verbum
1623 1746 1662 1777 ab
1693 1746 1867 1778 oratoribus

63 1801 167 1832 atticis
195 1810 414 1841 saepenumero
436 1804 615 1842 usurpatur:
639 1800 736 1838 ‚falsis
758 1800 926 1831 ratiociniis
958 1798 1106 1839 decipere,
1134 1797 1383 1829 cavillationibus
1408 1797 1446 1828 ad
1467 1796 1578 1828 falsam
1601 1797 1775 1837 opinionem
1798 1807 1867 1838 per-

65 1851 194 1883 duccre‘.
229 1852 329 1891 Atque
351 1851 382 1882 id
405 1850 527 1891 quidem
551 1850 704 1882 Ciceronis
728 1850 891 1882 consilinm
913 1850 1017 1888 fuisse,
1041 1848 1223 1889 intelligitur
1239 1859 1275 1879 cx
1297 1849 1350 1887 eis,
1374 1858 1452 1888 qnae
1474 1848 1505 1878 in
1529 1847 1661 1887 epistula
1684 1848 1732 1886 16,
1755 1848 1775 1878 2
1796 1847 1867 1878 libri

66 1901 174 1933 decimi
196 1901 315 1933 scribit:
339 1900 511 1941 ‚consilium
533 1905 638 1932 autem
660 1905 799 1932 nostrum
824 1899 1019 1941 (navigandi)
1048 1910 1135 1940 spero
1166 1909 1299 1929 vacuum
1325 1898 1459 1939 periculo
1482 1898 1560 1929 sore:
1590 1907 1662 1928 nam
1689 1902 1720 1930 et
1741 1897 1865 1929 dissi-

67 1952 300 1983 mulabimus
323 1955 353 1983 et
374 1970 415 1974 —-
437 1955 472 1982 ut
495 1953 611 1992 opinor,
635 1953 783 1983 acerrime
805 1951 1033 1982 asservabimur
1054 1968 1095 1973 —-
1118 1950 1277 1991 navigatio
1300 1949 1392 1980 modo
1416 1950 1466 1987 sit,
1495 1947 1617 1989 qualem
1645 1952 1726 1989 opto.
1755 1952 1865 1988 cetera,

67 2013 144 2043 quae
174 2002 297 2043 quidem
325 2002 491 2033 consilio
520 2002 673 2043 provideri
699 2005 839 2043 possunt,
871 2001 1078 2039 cavebuntur‘⁷
1108 2005 1139 2031 ct
1162 1999 1265 2041 paullo
1288 1999 1367 2030 infra
1395 1999 1413 2036 ξ
1435 1999 1469 2030 4;
1501 2009 1574 2039 ‚ego
1602 2002 1636 2029 ut
1659 1999 1866 2030 minuerem

67 2054 318 2094 suspitionem
342 2053 538 2094 profectionis
561 2058 613 2084 aut
637 2053 832 2093 cogitationis
855 2062 951 2090 meae,
972 2051 1127 2092 profectus
1150 2061 1217 2081 sum
1242 2051 1271 2081 in
1287 2049 1520 2090 Pompeianum,
1545 2054 1576 2080 ut
1597 2049 1638 2080 ibi
1662 2059 1771 2089 essem,
1795 2049 1866 2080 dum

67 2114 146 2145 quae
168 2103 206 2134 ad
229 2103 439 2145 navigandum
464 2113 539 2144 opus
563 2107 675 2143 esseut,
698 2103 898 2144 pararent-ur‘.
941 2102 1039 2141 Quam
1063 2102 1100 2133 ob
1124 2112 1186 2132 rem
1210 2111 1271 2131 non
1295 2099 1411 2139 dubito,
1435 2101 1509 2140 quin
1533 2100 1662 2131 verbnm
1689 2099 1868 2140 παραλογί-

67 2154 192 2190 ζεσθαι,
215 2155 325 2195 quippe
347 2164 441 2195 quum
465 2154 579 2194 optime
601 2154 775 2185 consentiat
797 2164 865 2184 cum
889 2153 1041 2191 omnibus,
1069 2163 1147 2194 quac
1171 2152 1272 2181 (sivero
1296 2150 1348 2181 illo
1379 2154 1514 2192 tempore
1538 2152 1567 2181 in
1595 2151 1698 2181 animo
1724 2149 1868 2189 habebat,

65 2203 289 2235 restituendum
316 2205 366 2236 sit.

124 2297 149 2327 *)
167 2295 302 2322 Wolfflini
320 2296 402 2322 verba
419 2295 487 2322 haec
506 2298 583 2322 sunt:
603 2295 695 2322 Cicero
715 2303 771 2322 war
789 2295 825 2321 im
842 2295 899 2321 Mai
918 2295 964 2322 des
982 2294 1080 2320 Jahres
1099 2294 1131 2320 49
1151 2302 1175 2320 v.
1192 2294 1252 2319 Chr.
1273 2293 1376 2319 hcreits
1396 2293 1584 2319 entschlossen
1603 2292 1693 2325 Pomp.
1713 2301 1747 2318 zu
1766 2292 1872 2326 folgen3

167 2337 217 2364 das
236 2338 372 2364 schlechte
391 2338 500 2364 Wetter
518 2337 587 2364 hiclt
605 2337 651 2364 ihn
669 2338 738 2364 noch
751 2337 801 2364 aus
818 2337 878 2363 dem
897 2337 1044 2364 Cumanum
1058 2336 1168 2362 zuriick.
1195 2336 1247 2361 Ein
1266 2335 1378 2361 zweites
1392 2334 1555 2361 Hinderniss
1569 2334 1681 2360 beriihrt
1701 2343 1728 2361 er
1743 2335 1790 2366 IX,
1804 2336 1843 2366 19,
1855 2335 1872 2362 3

166 2379 292 2412 quoniam
311 2388 436 2413 superum
455 2387 528 2405 mare
547 2379 742 2410 obsidetur,
766 2379 852 2405 infero
872 2379 1063 2412 navigabimus
1083 2381 1111 2403 et
1130 2379 1151 2404 si
1172 2378 1293 2404 Puteolis
1317 2377 1372 2403 erit
1390 2377 1496 2407 dificile,
1516 2377 1659 2402 Crotonem
1679 2380 1802 2408 petemus
1821 2380 1870 2403 ant

165 2421 290 2448 Thurios.
325 2422 457 2448 Aehnlich
476 2422 508 2452 X,
528 2423 566 2453 12,
584 2424 612 2448 2:
637 2423 694 2454 Quo
712 2429 783 2448 nunc
808 2429 849 2447 me
872 2422 994 2448 vertam?
1018 2420 1137 2452 undique
1162 2420 1299 2446 custodior
1322 2419 1382 2449 (wie
1401 2419 1432 2450 X,
1452 2420 1491 2449 13,
1511 2419 1536 2451 1)
1556 2420 1876 2444 HAPAOTAEYTEON

166 2463 252 2498 igitur
265 2466 294 2490 et
306 2465 407 2491 occulte
421 2464 448 2491 in
461 2464 523 2498 aliq.
537 2463 688 2491 onerariam
701 2463 893 2498 correpcndum
912 2469 968 2496 <um
981 2463 1058 2489 nicht
1071 2463 1202 2489 eutdeckt
1214 2470 1249 2489 zu
1262 2462 1393 2494 werden);
1411 2469 1474 2488 man
1493 2460 1650 2487 vcrbcssere
1664 2460 1870 2496 παρακλητέον.

122 2715 155 2766 'x

0 2767 181 2884 m
