2100 2884
1070 182 1097 218 5

273 294 381 338 ‚quid
407 294 582 336 quaeris?
611 291 689 324 fuit
715 293 817 324 tanti
841 290 908 333 (sc.
938 291 1155 332 integritas
1185 287 1301 331 mea),
1329 297 1384 320 me
1411 288 1497 329 ipse
1527 298 1600 319 non
1626 297 1762 319 noram
1789 297 1857 318 nec
1884 288 1992 319 satis

174 345 362 386 sciebam,
398 345 488 388 quid
514 345 553 376 in
579 343 651 376 hoc
679 353 818 385 genere
840 343 967 374 facere
989 352 1161 383 possem;
1191 344 1298 371 recte
1321 340 1630 377 ΠΕΦΕΟΙΩΛΙ,
1660 338 1762 370 nihil
1788 342 1850 370 est
1878 349 1991 379 prae-

174 397 354 430 clarius‘.
396 396 463 428 Hoc
485 395 553 427 loco
576 405 671 436 quum
694 393 871 426 hauddubie
892 393 987 433 notio,
1011 403 1088 434 quae
1111 391 1277 423 elationem
1300 390 1395 422 animi
1418 388 1541 428 indicet,
1566 390 1747 430 requiratur,
1770 391 1884 422 corruit
1905 390 1992 430 illud,

175 447 257 490 quod
279 445 419 480 nonnulli
442 446 618 486 voluerunt,
647 447 852 487 ,neq-saonae
874 444 904 477 h.
927 455 954 476 e.
982 443 1152 483 ‚abstinens
1174 442 1238 479 tur,
1266 441 1389 472 etiamsi
1417 443 1449 472 et
1476 441 1506 471 in
1529 439 1610 471 Med.
1638 444 1668 471 et
1697 441 1727 471 in
1751 440 1896 472 editionis
1919 440 1992 473 Cra-

174 497 289 531 trandr.
310 498 453 539 vestigiis
476 498 578 529 inesse
600 497 730 528 videtur.
773 496 884 537 Itaque
905 494 1049 527 Baiterus
1072 497 1102 524 et
1122 492 1362 532 Wesenbergius
1390 492 1420 522 in
1443 493 1622 522 contextum
1644 495 1823 532 receperunt
1845 492 1992 524 formam:

173 549 437 590 ‚nupfmt'mpm‘2e
466 548 574 590 lingua
595 547 726 589 vulgata
747 546 940 585 translatam,
969 544 1022 576 ubi
1045 544 1175 575 verbum
1198 542 1315 584 φυσάω
1338 553 1407 573 eum
1430 541 1524 572 verbo
1548 540 1674 583 (μισιόω
1695 542 1839 573 confundi
1863 542 1993 574 solebat.

174 599 217 632 Et
236 599 374 641 profecto
404 600 435 631 in
463 600 531 640 ipsa
552 599 652 630 forma
672 598 887 639 πεφυσίωμαι
918 595 973 627 illa
999 598 1121 627 tantum
1144 594 1247 633 abest,
1277 597 1311 624 ut
1334 592 1526 631 haereamus,
1550 596 1585 623 ut
1607 592 1744 624 Ciceroni
1768 596 1833 624 tum
1855 594 1994 625 versanti

174 650 256 682 inter
275 648 418 682 homines
440 649 582 692 linguam
604 658 747 690 graecam
767 647 930 689 vulgarem
946 646 1108 688 loquentes
1124 655 1192 677 eam
1209 643 1458 682 attrilmercmuS,
1483 643 1542 674 nisi
1559 643 1658 674 forma
1673 642 1878 685 πεφύσημαι,
1901 655 1994 686 quam

174 700 421 742 Wesenbergiusl
443 702 475 732 in
497 700 697 732 adnotatione
718 697 846 740 protulit
868 699 960 739 inque.
984 708 1051 729 eam
1075 700 1105 727 et
1126 696 1183 737 ipsi
1207 694 1380 730 incidimus,
1409 695 1535 735 propius
1558 694 1718 726 accederet
1738 694 1779 726 ad
1801 693 1996 727 characteras

175 750 256 793 illos,
279 752 333 793 qui
354 756 426 783 sunt
447 752 480 783 in
502 750 606 782 codice
627 749 668 782 M.
691 749 773 781 Ordo
797 749 879 780 enim
903 747 1153 790 corruptelarum,
1177 747 1295 788 opinor,
1318 744 1368 776 hic
1391 748 1452 776 est:

968 799 1026 831 M.:
1059 797 1310 829 ΠΕΨΕΟΙΩΛΙ

845 854 947 882 ortum
971 860 1023 881 ex:
1058 848 1312 880 ΙΙΕΦΙΟΕΩΛῙ

894 900 1023 933 Archet:
1057 897 1334 931 ΠΕΦΥΟΗΜΛῙ

176 957 203 986 Ω
217 958 249 986 et
264 955 307 986 M
317 955 397 986 inter
412 964 446 986 se
461 953 692 985 confunduntur
707 952 759 985 cfr.
775 952 816 984 ad
831 953 893 984 Att.
910 952 949 991 ΙΙ,
967 952 983 983 1
1002 948 1412 982 IIOAEITIKMTEPOC
1424 949 1443 979 i.
1457 958 1484 979 e.
1500 946 1763 989 πολιτικώτερος;
1786 951 1804 980 Ι
1823 953 1854 981 et
1876 951 1996 982 Ycom-

177 1005 317 1049 pluribus
338 1004 414 1036 locis
439 1008 648 1036 commutatae
675 1007 748 1036 sunt
775 1003 862 1035 velut
882 1002 923 1043 II,
946 1002 965 1033 3
991 998 1217 1041 Θεοφράστοι,
1245 999 1283 1038 ΙΙ,
1302 999 1339 1030 11
1364 997 1490 1038 α’γαθοι
1511 997 1684 1041 (ἀγαθοῦ),
1706 999 1745 1036 ΙΙ,
1771 1000 1810 1031 14
1832 1000 1996 1042 ἐντιραν-

176 1058 323 1090 νεῖσθαι.
346 1055 417 1087 aliis
439 1055 532 1094 locis;
555 1056 738 1097 saepissime
761 1058 790 1086 E
809 1058 840 1086 et
855 1057 894 1085 H.
927 1053 1005 1085 Fere
1021 1052 1130 1084 eadem
1151 1050 1352 1091 transpositio
1376 1050 1497 1081 litterae
1521 1052 1544 1089 1,
1567 1060 1646 1090 quae
1668 1051 1700 1082 in
1722 1049 1924 1092 πεφύσημαι,
1947 1062 1998 1083 oc-

177 1107 272 1140 currit
291 1105 375 1145 XIV,
398 1106 418 1138 5
445 1109 683 1139 ICEITHCAC
713 1116 767 1148 pro
797 1106 1040 1137 EICITHCAC
1069 1102 1100 1133 h.
1123 1112 1149 1134 e.
1171 1099 1330 1142 ἦσίῑησας.
1382 1100 1502 1140 Quibus
1528 1101 1649 1132 mendis
1678 1103 1845 1143 perspectis
1868 1102 1997 1134 Wesen-

177 1157 276 1199 bergii
299 1157 506 1189 coniecturam
529 1156 754 1200 ‚newtitrqpat‘
776 1156 842 1188 fieri
865 1166 927 1186 non
950 1157 1052 1196 potest
1082 1154 1154 1194 quin
1183 1151 1407 1192 amplectamur
1437 1162 1568 1193 eamque
1597 1152 1820 1184 restituendam
1848 1163 1999 1185 curemus.

177 1207 248 1241 Huc
276 1207 395 1240 aceedit
416 1208 498 1249 quod
519 1208 649 1240 verbum
672 1209 785 1250 φυσᾶν
807 1207 846 1238 ab
875 1206 1000 1247 optimis
1022 1203 1199 1236 auctoribus
1221 1208 1388 1245 usurpatur
1411 1203 1587 1244 optimeque
1612 1203 1745 1246 quadrat
1770 1204 1801 1234 in
1823 1202 1916 1236 huius
1939 1204 1999 1236 loci

178 1258 470 1292 conformationem.

279 1309 317 1341 In
338 1309 407 1340 libri
430 1310 504 1341 noni
527 1309 659 1350 epistula
682 1313 801 1351 quarta,
824 1308 864 1340 ad
880 1319 973 1350 quam
996 1306 1140 1347 deinceps
1156 1305 1339 1344 accedimus,
1363 1304 1477 1345 Cicero,
1500 1309 1535 1336 ut
1557 1307 1697 1337 animum
1720 1305 1854 1338 abducat
1877 1315 1896 1338 a
1918 1310 1996 1338 tem-

179 1370 288 1402 porum
311 1360 475 1402 angustiis,
498 1361 593 1392 sumit
615 1360 672 1391 sibi
696 1360 847 1401 quasdam
870 1363 906 1391 ut
927 1360 993 1400 ipse
1016 1358 1090 1389 dicit
1112 1361 1280 1397 ‚tamquam
1304 1358 1414 1392 θέσεις
1436 1355 1614 1393 πολιτικὰςί
1637 1358 1669 1388 iu
1692 1356 1772 1388 hanc
1795 1358 1997 1390 sententiam:

281 1412 331 1442 Εἶ
351 1413 546 1451 μενετέον
567 1411 609 1442 ἐν
630 1412 674 1455 τῇ
697 1411 870 1452 πατρίδι
896 1410 1215 1452 τυραννοι’μένῃ;
1244 1409 1570 1449 τυραννουμένης
1598 1408 1632 1438 δ’
1667 1405 1788 1449 αὐτῆς
1815 1411 1849 1440 εἰ
1870 1414 2000 1440 παντὶ

179 1461 320 1504 τρόπῳ
341 1462 594 1502 τυραννίδος
616 1460 839 1492 κατάλυσιν
862 1461 1195 1502 πραγματευτέον
1216 1457 1288 1489 κᾶν
1317 1457 1436 1502 μέλλῃ
1458 1457 1524 1489 dui
1546 1459 1667 1490 τοῦτο
1690 1461 1876 1501 περὶτῶν
1895 1459 1999 1492 ὅλων

179 1510 197 1554 ἢ
225 1511 343 1550 πόλις
371 1511 668 1548 κινδυνεύσειν;
699 1513 732 1543 εἰ
758 1509 1002 1552 εὐλαβητέον
1032 1509 1103 1541 cdv
1127 1507 1396 1547 καταλύοντα,
1423 1508 1473 1550 μή
1502 1507 1626 1546 αὐτὸς
1655 1511 1935 1550 ΕΡΡΘΗΤΛΙ;
1964 1513 2002 1542 εἰ

180 1565 410 1606 πειρατέον
432 1561 600 1604 α’ρὴγειν
621 1564 668 1608 τῇ
691 1562 859 1604 πατρίδι
881 1573 908 1592 κ.
930 1573 958 1594 τ.
981 1560 1009 1593 λ.

280 1614 342 1646 Ρι·ο
370 1616 603 1646 ΕΡΡΘΗΤΛΙ
630 1616 656 1644 t·
682 1613 777 1645 habet
803 1611 964 1653 ἄρθηται,
993 1611 1036 1643 Zb
1069 1612 1276 1641 EPEHTAI.
1331 1610 1377 1641 Ex
1405 1609 1454 1641 his
1483 1611 1658 1652 scripturis,
1686 1622 1815 1652 quarum
1843 1612 1929 1644 nulla
1957 1613 1997 1645 ad

181 1675 323 1708 graecam
345 1664 485 1706 linguam
509 1665 607 1705 aptari
630 1669 741 1706 potest,
765 1664 931 1705 genuinam
955 1662 1014 1693 sibi
1038 1662 1154 1693 eruisse
1176 1660 1340 1692 videbatur
1362 1661 1488 1700 Bosius,
1516 1673 1611 1703 quum
1635 1664 1768 1704 αἴρηται
1791 1664 1938 1696 scriberet
1959 1683 2000 1688 —

181 1727 255 1749 nam
277 1715 469 1756 Malaspinae
497 1713 587 1760 ἀρθῇ
616 1719 714 1747 totum
744 1714 862 1745 coelum
893 1724 912 1744 a
935 1713 1021 1744 codd.
1049 1713 1168 1744 distans
1196 1723 1258 1743 non
1289 1712 1497 1753 recipiendum
1524 1723 1594 1744 esse
1622 1714 1765 1755 apparuit
1786 1733 1827 1737 —
1858 1714 1914 1746 hoc
1936 1715 2001 1747 fere

181 1777 295 1799 sensu:
325 1777 375 1806 ,an
397 1766 578 1801 verendum,
608 1777 656 1805 ne,
685 1766 737 1807 qui
760 1764 956 1805 tyrannidem
987 1764 1106 1798 evertit,
1133 1763 1199 1804 ipse
1222 1763 1358 1804 erigatur
1386 1766 1417 1793 et
1444 1773 1512 1794 sese
1540 1774 1633 1805 supra
1662 1764 1740 1796 alios
1767 1766 1874 1796 efferat
1896 1766 2001 1807 sicque

182 1818 346 1859 imperium
367 1820 399 1848 et
420 1816 617 1855 tyrannidem
641 1817 785 1857 occupet‘.
830 1815 915 1854 Quae
945 1814 1119 1845 emendatio
1146 1824 1240 1855 quum
1262 1813 1301 1845 ad
1325 1814 1421 1844 totius
1445 1815 1668 1846 enuntiationis
1689 1826 1814 1847 sensum
1837 1817 2003 1857 aptissima

183 1871 275 1907 esset,
306 1867 345 1899 ab
369 1867 512 1913 omnibus
537 1866 758 1898 recentiorilms
781 1866 952 1897 editoribus
974 1865 1103 1907 probata
1127 1864 1180 1895 illa
1202 1864 1325 1905 quidem
1349 1867 1404 1904 est,
1428 1875 1485 1895 nec
1512 1869 1616 1896 tamen
1642 1866 1681 1897 ad
1705 1867 1819 1898 codicis
1841 1868 1880 1898 M.
1903 1868 2001 1900 vcsti-

182 1919 236 1961 gia
257 1918 411 1950 convenit.
456 1917 571 1949 Contra
594 1917 683 1949 lectio
704 1917 817 1948 codicis
839 1916 880 1948 M.
906 1917 1132 1947 ΕΡΡΘΗΤΛῙ
1152 1926 1339 1956 quamquam
1363 1916 1523 1956 perspicue
1545 1917 1695 1949 mendosa
1717 1922 1773 1953 cst,
1799 1923 1902 1950 tamen
1926 1919 2000 1960 quin

182 1970 322 2012 proxime
338 1968 466 2000 accedat
488 1969 525 2000 ad
544 1980 589 2003 ea,
612 1979 690 2009 qnae
707 1968 810 1999 Cicero
827 1967 958 2008 scripsit,
975 1977 1037 1997 non
1054 1966 1169 1997 dubito.
1200 1965 1279 2005 Quid
1291 1969 1303 1996 ’ἰ
1328 1964 1431 1997 littera
1446 1966 1544 1998 altera
1561 1970 1586 1998 P
1599 1968 1701 2000 deleta
1717 1980 1755 1999 cx
1771 1968 2000 2002 characteribus

185 2021 391 2052 ΕΡΘΗΤΛΙ
403 2030 505 2050 nonne
523 2019 668 2050 facillima
691 2018 929 2059 transpositione
948 2017 1044 2047 oritin·
1066 2027 1126 2047 vox
1142 2018 1352 2052 ΘΕΡΙΙΤΛῙ,
1377 2027 1457 2057 quae,
1476 2018 1601 2058 quidem
1620 2020 1750 2051 eundem
1774 2026 1867 2060 atque
1888 2020 2002 2053 Bosius

183 2071 355 2102 rectissime
378 2071 498 2109 statuit„
523 2081 647 2101 sensnm
666 2080 737 2111 prae
753 2080 786 2099 sc
804 2069 883 2099 sert?
919 2068 1045 2107 Quaerit
1068 2067 1182 2106 (lii-ero,
1205 2067 1285 2097 sitne
1309 2066 1491 2107 cavendnm,
1515 2079 1562 2105 ne,
1586 2071 1635 2112 qui
1653 2071 1847 2110 tyrannidem
1869 2075 1999 2111 evertat,

184 2122 251 2163 ipse
273 2120 438 2152 calefiat
461 2131 501 2152 sc.
525 2120 691 2161 eupiditate
715 2119 905 2150 dominandi.
950 2118 1131 2158 Pompeium
1154 2121 1289 2158 spectat,
1322 2118 1372 2158 qui
1400 2128 1439 2149 ne
1466 2120 1597 2152 Caesare
1621 2132 1765 2163 oppresso
1794 2132 1922 2164 regnum
1945 2133 2000 2163 ap-

185 2175 281 2214 petat,
304 2173 368 2203 iure
390 2171 494 2203 Cicero
519 2171 640 2207 1netuit;
670 2170 737 2201 libri
762 2171 841 2201 sexti
864 2169 1010 2207 Ilia‹lis*)
1034 2168 1161 2209 saepius
1183 2179 1202 2199 a
1224 2178 1257 2199 se
1280 2167 1397 2199 laudati
1421 2170 1517 2203 verba,
1538 2177 1666 2213 spectat,
1689 2184 1767 2214 quac
1791 2172 1866 2204 facit,
1886 2172 2002 2204 Hector

186 2222 394 2254 Alexandrum
417 2221 554 2253 Helenae
577 2222 720 2252 maritum
743 2220 924 2252 stimulans:

247 2314 271 2346 ⁸)
291 2318 407 2347 quatuor
425 2314 477 2340 lovi
497 2313 567 2339 sexti
588 2313 684 2339 iliadis
703 2312 764 2339 libri
785 2321 800 2338 n.
819 2312 947 2339 Cicerone
968 2311 1091 2338 citantur
1110 2311 1159 2337 cfr.
1178 2311 1314 2345 Joscpbus
1333 2311 1415 2344 Frey:
1435 2307 1627 2336 adnotationes
1651 2307 1685 2334 ml
1704 2307 1739 2334 M.
1758 2306 1843 2335 Tullii
1863 2306 2001 2334 Ciceroni!

288 2356 422 2389 epistulas
444 2356 469 2382 l'.
493 2357 517 2382 Η
539 2364 561 2388 p.
584 2355 617 2381 Π
642 2355 736 2381 [tussit-1
758 2355 827 2381 1375.
855 2369 884 2373 —<
910 2354 988 2385 idem,
1015 2354 1117 2387 opinor,
1142 2353 1292 2380 rectissime
1318 2354 1474 2387 suspicatus
1497 2354 1548 2381 cst,
1571 2353 1661 2376 certas
1681 2350 1811 2383 quasdam
1830 2353 1923 2384 partes
1941 2356 2002 2375 cum

290 2398 385 2424 Iliadis
405 2402 461 2425 tum
477 2398 614 2431 Odysseae
634 2403 743 2431 praeter
762 2400 868 2422 reterns
887 2404 904 2421 a
922 2396 1111 2427 grammaticis
1131 2395 1158 2422 in
1177 2396 1276 2422 sobolis
1297 2399 1432 2422 tractatas
1452 2394 1598 2428 puerisque
1616 2392 1758 2419 discendas
1783 2392 1862 2418 datas
1887 2399 1954 2422 csse,
1973 2391 2002 2418 in

289 2448 342 2474 quo
360 2448 470 2467 numero
486 2440 578 2466 iliadis
598 2441 694 2466 librum
711 2440 744 2465 Vl
767 2439 890 2464 conor-ut.
919 2438 1022 2470 Quodsi
1036 2438 1129 2465 Cicero
1148 2438 1278 2472 majorem
1297 2441 1402 2472 partem
1423 2436 1485 2464 libri
1501 2435 1538 2462 Vl
1557 2434 1688 2463 memoria
1700 2434 1798 2468 tenuit,
1817 2434 1880 2468 quid
1895 2433 2001 2466 mirum,

293 2482 364 2516 quod
383 2483 475 2510 vocab.
495 2486 604 2519 θέρηται
623 2491 655 2510 cx
676 2492 706 2509 eu
726 2482 778 2508 sibi
798 2480 978 2514 deprompsit!
