2100 2884
1077 188 1104 224 7

281 299 436 339 Quoniam
457 298 496 331 de
516 298 585 330 libri
608 296 719 329 decimi
742 297 880 339 epistula
895 297 934 330 12
958 296 1100 337 disserui,
1122 296 1214 328 liceat
1234 295 1312 328 mihi
1333 295 1371 328 de
1393 295 1531 327 eiusdem
1546 295 1616 328 libri
1631 295 1766 338 epistula
1788 295 1828 327 13
1849 295 2000 328 nonnulla

180 349 306 391 addere,
328 351 359 382 in
382 361 443 392 qua
464 352 602 382 extrema
623 347 700 380 haec
721 347 884 390 leguntur:

281 401 436 442 ,Silium
459 403 498 432 et
519 399 690 431 Ocellam
718 402 755 431 et
776 402 934 430 ceteros
956 397 1065 430 credo
1090 397 1338 438 retardatos,
1367 401 1403 429 te
1431 408 1583 440 quoque
1612 408 1632 429 a
1653 397 1787 429 Curtio
1816 398 2001 440 impediri

179 452 312 493 video,
334 452 425 491 etsi,
447 455 488 483 ut
510 451 662 492 opinor,
685 449 807 482 habes
829 450 1159 482 EKITAONON‘.

282 501 467 534 Rectissime
489 501 632 533 Baiterus
654 502 685 533 iu
706 501 907 532 adnotatione
930 499 1044 539 critica,
1067 501 1141 540 quia
1161 499 1247 531 Bosii
1264 499 1438 530 emendatio
1462 499 1588 540 ,κέλητα
1605 497 1738 530 οἳόκνονι
1761 508 1823 530 non
1841 499 2002 532 toleranda

181 556 240 594 eut,
261 551 402 584 ἔκπλουν
414 552 473 599 (vel
497 552 637 584 ἔκπλουν
658 552 749 584 scribi
771 550 866 582 iubet.
910 549 952 581 Ut
974 550 1057 580 euim
1080 549 1182 581 Cicero
1207 550 1246 581 ab
1270 550 1412 589 Antonio,
1437 550 1480 581 sie
1511 560 1530 580 a
1552 549 1656 582 Curtio
1679 550 1810 590 Atticus„
1834 552 1999 591 quominus

182 613 225 636 ex
246 601 341 635 Italia
355 602 528 643 decederet,
552 602 788 645 impediebatur:
811 601 934 633 Atticus
957 603 1071 641 tamen,
1095 602 1122 632 si
1138 600 1261 642 quidem
1284 600 1490 642 diplomatc1)
1515 604 1690 632 exstructus
1712 604 1786 640 erat,
1818 601 1932 632 iniuria
1954 613 2001 633 re-

175 651 375 686 tardabatur.
420 654 488 693 Qua
509 653 548 686 de
569 663 664 686 causa
685 664 705 684 a
726 651 850 684 Baitero
880 651 1129 683 emendationem
1151 662 1241 683 suam
1264 652 1295 682 iu
1318 654 1498 683 contextum
1520 655 1676 692 receptam
1706 661 1768 683 non
1795 661 1864 683 esse
1893 653 2001 684 miror:

183 706 237 737 1'1·
255 708 305 737 est
325 707 366 743 Π,
390 708 424 736 Λ
445 704 475 736 h.
499 715 525 736 e.
547 708 589 738 Λ,
612 713 727 745 eaeque
749 713 829 745 quae
851 706 970 734 restant
991 702 1111 734 litterae
1133 704 1257 734 ONON
1277 706 1332 734 aut
1354 703 1398 733 ita
1420 706 1546 733 exortae
1569 705 1651 740 sunt,
1679 706 1714 734 ut
1736 701 1890 742 librarius,
1914 707 2001 744 post·

182 765 276 798 quam
292 756 484 797 transposuit
498 755 717 787 ΕΚΠΛΟΟΝ
729 755 760 786 in
778 755 1024 791 EKITAONO,
1047 754 1158 784 iterum
1173 753 1310 785 litteram
1324 755 1355 783 N
1369 753 1496 784 adderet
1511 751 1564 783 cfr.
1578 752 1617 792 11,
1631 754 1650 783 2
1670 755 2004 786 [ΙΕΛΛΗΝΕΩΝΙΝ

182 834 237 866 pro
259 824 559 857 ΠΕΛΛΗΝΕΙΩΝ
580 821 828 864 (Πελληναίων),
857 825 912 852 aut
932 824 1004 862 post
1024 831 1132 852 vocem
1155 820 1299 852 ἔκπλουν
1322 821 1467 862 (fortasse
1490 823 1664 861 corruptam
1686 821 1717 851 in
1742 819 1875 864 ἕκηλον)
1898 823 2000 854 notio-

182 883 255 906 nem
277 873 413 916 aliquam
436 874 468 905 in
489 891 531 896 ——
553 884 592 904 ον
614 876 778 905 exeuntem
802 872 966 911 omitteret,
990 882 1027 903 ex
1049 883 1110 914 qua
1128 871 1248 903 Atticus
1272 872 1330 914 ipsi
1353 870 1529 913 dip10ma2)
1553 874 1712 912 sumptum
1735 882 1803 902 esse
1826 871 2002 904 Ciceronem

181 924 305 957 credere
327 925 498 956 coniiceret.
542 923 628 963 Quod
652 923 783 955 alterum
806 927 841 955 ut
862 922 1043 965 praeferam,
1066 921 1151 954 Bosii
1173 923 1219 954 du
1233 934 1249 954 0
1278 922 1433 955 voeabula
1461 922 1623 953 continens
1646 922 1820 953 coniectura
1848 933 1897 954 me
1919 934 2003 956 com-

182 979 298 1012 movet,
313 986 406 1017 quam
421 975 581 1017 proposuit
595 975 797 1006 Tornaesiaui
811 973 861 1016 (Z)
876 973 960 1005 illius
975 973 1089 1005 codicis
1101 973 1191 1016 longe
1204 974 1322 1015 optimi,
1341 974 1483 1005 nimirum
1501 976 1609 1003 nostra
1624 976 1726 1004 aetate
1742 972 1891 1013 deperditi
1906 975 2004 1006 vesti-

182 1027 236 1068 gia
253 1030 388 1058 secutus.
412 1025 535 1058 Accedit
557 1025 638 1066 quod
659 1026 691 1057 in
709 1026 764 1065 eis⁷
781 1036 858 1067 quae
872 1026 952 1056 inter
963 1024 1126 1066 epistulam
1141 1025 1179 1056 13
1192 1029 1223 1056 et
1240 1024 1406 1066 epistularu
1420 1024 1457 1055 17
1476 1022 1677 1063 intercedunt,
1696 1023 1838 1064 epistulis
1851 1034 2004 1066 nusquam

185 1076 364 1119 diplomatis
384 1076 478 1108 ullius
495 1077 611 1108 mentio
635 1077 685 1108 fit:
709 1077 813 1118 itaque
833 1079 888 1108 aut
903 1074 1079 1117 epistulam,
1104 1076 1133 1106 in
1151 1086 1211 1116 qua
1227 1075 1265 1105 de
1288 1085 1324 1106 eo
1341 1076 1488 1116 scriptum
1511 1077 1585 1113 erat,
1604 1074 1720 1115 perisse
1740 1078 1795 1105 aut
1811 1074 1948 1106 Atticum
1965 1086 2003 1107 ex

181 1126 241 1160 hac
260 1127 395 1170 epistula
419 1127 457 1159 de
479 1127 648 1169 diplomate
670 1127 858 1159 conclusisse
880 1137 1008 1158 neccsse
1030 1129 1087 1157 est.
1130 1126 1196 1158 Iam
1219 1137 1315 1167 quum
1340 1126 1415 1157 illud
1443 1126 1546 1157 miuus
1567 1124 1736 1156 verisimile
1759 1125 1809 1165 sit,
1834 1124 1892 1156 hoc
1913 1136 2001 1167 prae-

181 1179 354 1221 optaverim
383 1182 415 1210 et
440 1178 630 1210 adiectivum
659 1176 825 1209 α’κώλυτον
853 1178 1084 1219 proposuerim,
1114 1177 1194 1218 quod
1218 1177 1367 1217 addatur,
1395 1178 1440 1208 ita
1462 1179 1495 1207 ut
1517 1175 1615 1207 verba
1643 1179 1690 1216 ‚te
1713 1185 1834 1217 quoque
1857 1186 1876 1207 a
1898 1176 2003 1209 Curtio

181 1228 365 1271 impediri
393 1229 499 1261 vidco‘
530 1230 672 1271 opposita
698 1230 762 1260 sint
787 1228 891 1260 verbis
921 1228 1009 1269 ,etsi,
1040 1232 1076 1259 ut
1099 1228 1221 1269 opinor,
1251 1227 1348 1259 habes
1369 1227 1512 1258 ἔκπλουν
1534 1224 1807 1266 α’κώλυτονη).
1851 1227 1930 1258 Nam
1953 1229 2004 1270 qui

183 1279 352 1322 diplomate
374 1283 549 1312 exstructus
573 1284 647 1319 crat,
671 1280 812 1311 ἔκπλουν
828 1276 996 1310 α’κώλυτον
1018 1277 1155 1310 habebat
1175 1277 1205 1310 h.
1223 1290 1248 1310 e.
1273 1290 1292 1310 a
1313 1278 1397 1310 nullo
1420 1278 1562 1319 impediri
1584 1281 1714 1319 poterat,
1738 1278 1904 1319 quominus
1927 1279 2003 1310 cmi-

183 1334 296 1373 graret,
319 1332 454 1372 itemque
478 1331 529 1372 qui
553 1330 694 1362 ἔκπλουν
715 1328 882 1361 α’κοῖλυτον
905 1329 1050 1369 habebat,
1074 1340 1144 1360 eum
1167 1329 1335 1371 diplomate
1359 1332 1533 1361 extructum
1557 1339 1625 1360 esse
1649 1338 1775 1360 necesse
1798 1333 1873 1360 erat.
1904 1329 2005 1368 Quare

181 1381 326 1422 Atticum,
350 1382 422 1424 quia
445 1382 474 1412 in
499 1381 546 1412 his
570 1382 673 1413 verbis
695 1381 831 1422 offendit,
855 1380 893 1412 de
915 1380 1085 1422 diplomate
1101 1381 1260 1422 scripsisse
1275 1379 1351 1411 mihi
1374 1390 1558 1422 persuasum
1577 1383 1634 1419 cst,
1657 1380 1746 1421 quasi
1761 1378 1865 1411 Cicero
1888 1379 2001 1422 flagitii

187 1442 258 1464 eum
282 1431 414 1464 alicuius
438 1432 658 1464 insimulasset.

280 1482 425 1525 Sequitur
447 1487 483 1514 ut
505 1483 543 1514 (le
566 1482 700 1524 epistula
720 1483 761 1514 42
784 1483 854 1514 libri
877 1482 953 1514 XIII
976 1482 1127 1514 disseram
1149 1482 1253 1514 verbis
1276 1481 1344 1513 his:

281 1533 756 1575 ‚Scripse1-a1niau1‚eece
780 1533 868 1573 tibi,
891 1536 976 1564 orat
994 1533 1181 1574 Lepidus,
1204 1537 1244 1564 ut
1265 1533 1420 1564 veniam
1444 1533 1599 1573 opinor,
1628 1541 1801 1573 augures
1823 1532 1881 1564 nil
1904 1533 2003 1574 (for-

179 1588 290 1617 tasse
312 1584 512 1625 ,nullum‘)
535 1583 677 1615 habere
700 1584 745 1615 ad
769 1583 957 1625 templum
984 1583 1202 1615 effandum.
1239 1587 1327 1615 eatur
1356 1583 1375 1620 †
1397 1585 1762 1620 ΜΙΛΟΚΟΡΔΟΥ,
1790 1583 2004 1617 videbimus

180 1639 220 1668 te
234 1636 244 1668 i
251 1636 336 1678 gitu
345 1636 379 1666 r‘.
396 1634 596 1667 Cliaracteras
613 1637 904 1667 MIACKOPAOY
919 1634 1000 1666 alius
1013 1634 1112 1665 editor
1123 1634 1213 1666 aliter
1228 1635 1377 1676 corrigere
1398 1634 1529 1671 studuit;
1551 1633 1772 1665 recentioribus
1789 1635 1922 1666 maxime
1938 1635 2005 1677 pla-

182 1686 401 1718 cuitGronovii
415 1685 588 1717 emendatio
602 1686 743 1725 ,μίασμα
755 1684 860 1727 δρυός*
872 1685 976 1716 aliena
987 1688 1091 1717 tamen
1105 1685 1218 1717 codicis
1228 1686 1370 1727 vestigiis
1383 1689 1414 1716 et
1425 1685 1590 1717 verborum
1604 1686 1891 1726 interpretationem
1904 1688 2004 1728 inagis

181 1740 353 1768 contortam
366 1747 457 1778 quam
471 1747 575 1767 veram
589 1735 775 1767 desiderans.
799 1736 885 1774 Quae
897 1747 990 1777 quum
1005 1737 1049 1767 ita
1061 1740 1172 1777 essent,
1193 1737 1322 1768 alteram
1336 1735 1509 1767 litterarum
1528 1739 1649 1777 partem
1662 1735 1888 1777 contemplatus
1909 1736 2005 1769 latere

181 1788 215 1819 in
230 1797 268 1819 ea
282 1787 457 1828 suspicatus
470 1798 538 1818 sum
553 1798 664 1818 nomeu
677 1786 776 1826 Codri,
796 1787 877 1827 regis
893 1786 977 1818 illius
991 1786 1225 1818 Atheniensium
1242 1786 1421 1818 clarissimi:
1436 1789 1464 1818 Κ
1468 1788 1547 1818 ΟΡΔ
1553 1788 1614 1818 ΟΥ
1629 1786 1658 1817 h.
1672 1797 1698 1817 e.
1715 1789 1849 1817 KOAI'O
1858 1789 1889 1818 Y.
1913 1787 2002 1826 Quod

182 1847 236 1869 cur
252 1838 428 1879 suspicatus
447 1839 515 1877 sim,
535 1837 611 1869 llaec
630 1842 717 1869 sunt:
737 1837 845 1869 Paullo
863 1842 936 1870 ante
957 1837 1059 1869 Cicero
1079 1849 1110 1869 sc
1128 1839 1218 1869 amici
1236 1837 1405 1869 adventum
1421 1841 1581 1879 expectare
1600 1837 1720 1868 dixerat
1738 1837 1771 1878 (ἓ
1786 1838 1814 1868 2.
1838 1838 1907 1877 ,Sed
1925 1838 2002 1871 heus

182 1892 227 1928 tu,
249 1887 332 1920 diem
354 1899 456 1920 meum
477 1889 537 1919 scis
554 1899 623 1919 esse
640 1888 685 1919 111
702 1888 779 1920 Non.
792 1889 858 1920 Ian.
875 1888 983 1920 Adel-is
1002 1889 1129 1930 igitur-²),
1146 1893 1251 1930 utpote
1271 1889 1322 1929 qui
1342 1888 1472 1919 Romam
1489 1888 1640 1929 proficisci
1664 1887 1814 1930 nollet⁴),
1844 1900 1938 1929 quum
1963 1889 2002 1922 de

181 1939 351 1981 improviso
366 1939 505 1981 Lepidus
529 1942 606 1979 orat,
629 1943 665 1971 ut
687 1940 724 1971 ad
748 1940 856 1971 urbem
878 1940 997 1970 veniat:
1021 1949 1154 1979 augures
1177 1940 1256 1970 enim
1275 1939 1451 1970 Ciceronem
1475 1939 1652 1970 desiderant
1675 1939 1713 1970 ad
1737 1938 1883 1980 templum
1907 1940 2004 1972 effan-

182 1989 267 2022 dum.
295 1990 404 2031 Itaque
427 1994 460 2021 ut
475 1990 591 2031 Lepido
609 1994 729 2031 gratum
747 1990 849 2030 faciat,
873 1989 975 2021 Cicero
1000 1991 1142 2032 quamvis
1165 1990 1284 2021 invitus
1307 2000 1375 2021 sese
1392 1989 1525 2021 Romam
1548 1991 1662 2021 iturum
1685 2000 1754 2021 esse
1777 1990 1926 2022 adscribit
1947 1990 2005 2024 Co·

150 2047 154 2050 '
186 2039 276 2073 drum
299 2051 552 2081 commemorans,
576 2041 627 2082 qui
650 2052 704 2082 pro
727 2042 827 2083 patria
850 2045 981 2072 mortem
1005 2041 1094 2072 obiit:
1126 2040 1224 2073 Sicuti
1247 2041 1328 2072 enim
1351 2040 1469 2072 Codrus
1496 2045 1595 2072 morte
1617 2051 1676 2072 sua
1696 2041 1828 2082 patriam
1851 2040 2005 2084 liberavit,

249 2152 272 2183 Ι)
288 2150 401 2178 Bootius
420 2149 455 2177 ad
471 2149 533 2176 libri
546 2149 570 2175 X
589 2157 630 2183 ep.
644 2151 675 2177 17
694 2150 757 2183 (vol.
771 2150 800 2176 II
820 2157 845 2183 p.
859 2150 917 2182 125)
937 2150 1047 2183 optime,
1067 2150 1170 2184 opinor,
1190 2149 1280 2178 omnia
1298 2149 1435 2184 exposuit,
1454 2157 1524 2183 quac
1543 2150 1578 2177 ad
1597 2157 1690 2177 vocem
1709 2149 1884 2183 ‚diplomatis‘
1901 2150 2005 2180 intelli-

287 2192 407 2227 gendam
426 2192 581 2218 neccssaria
599 2195 672 2219 sunt.

248 2235 273 2268 ¹)
290 2235 340 2262 cfr.
352 2234 501 2268 epistulam
516 2235 559 2260 17:
573 2234 613 2262 ,de
627 2234 821 2268 diplomate
835 2234 989 2266 admiraris,
1003 2234 1080 2267 quasi
1094 2234 1184 2261 nescio
1198 2234 1274 2261 cuius
1288 2237 1315 2260 te
1329 2234 1430 2268 flagitii
1444 2234 1639 2262 insimularem.
1652 2243 1738 2267 negas
1752 2235 1823 2262 enim
1837 2239 1865 2263 te
1876 2238 2004 2271 reperire,

287 2277 334 2310 qui
352 2277 418 2303 mihi
439 2277 465 2302 id
485 2276 512 2303 iu
531 2281 649 2303 mentem
669 2276 790 2303 venerit:
810 2285 861 2309 ego
880 2280 983 2308 autem,
1002 2277 1067 2309 quia
1087 2277 1238 2310 scripseras
1257 2280 1284 2303 te
1305 2276 1438 2309 proticisci
1453 2277 1575 2309 cogitare
1589 2292 1619 2296 ——-
1634 2277 1733 2303 etenim
1747 2277 1886 2305 audieram
1905 2280 2004 2306 nemini

287 2318 370 2346 aliter
389 2319 470 2346 licere
487 2334 515 2337 —
530 2328 561 2343 vo
583 2323 609 2345 te
630 2319 729 2345 habere
749 2319 891 2345 censebam
910 2322 939 2345 ct
957 2319 1022 2352 quia
1041 2320 1133 2353 pueris
1146 2320 1266 2353 diploma
1280 2326 1444 2352 sumpseras.
1472 2319 1564 2345 Habes
1581 2327 1690 2345 eausam
1703 2319 1840 2353 opinionis
1853 2329 1929 2348 meae
1943 2324 2003 2348 etc.⁴

247 2362 272 2393 ⁸)
292 2360 320 2387 in
337 2361 394 2387 eod.
413 2361 472 2395 dep.
492 2361 512 2387 Ζ
532 2361 618 2387 fuisse
638 2361 761 2395 suspicor
779 2361 932 2387 huiusmodi
953 2361 1078 2388 litteras:
1106 2363 1261 2387 KKITAON
1282 2363 1493 2386 ΑΟΚΛΙΤΟΝ
1513 2361 1684 2393 (dm-intrav),
1707 2362 1778 2389 nude
1797 2363 1871 2390 Bosii
1892 2371 2005 2390 acumen

288 2402 382 2429 hausit
399 2403 618 2430 emanantium-nn
639 2403 714 2429 illam
733 2404 825 2434 κέλητα
845 2404 960 2435 domam
982 2403 1091 2430 easdem
1111 2403 1220 2430 litteras
1239 2403 1375 2430 cernimus
1395 2403 1421 2429 in
1441 2402 1496 2429 cod.
1517 2403 1551 2429 M.
1571 2403 1730 2431 ‹lecurtatas
1748 2404 1777 2431 iu
1791 2407 2005 2432 ΕΚΙΤΛΟΝΟΝ.

246 2447 270 2477 ⁴)
289 2445 338 2471 cfr.
357 2444 420 2475 xn,
439 2447 472 2471 33)
491 2446 621 2475 ,lt-mmm,
640 2449 672 2471 ut
692 2453 792 2475 consi-s,
813 2445 929 2478 veniam,
948 2445 998 2476 scd
1016 2445 1167 2480 invitus;
1186 2445 1266 2473 valdo
1285 2445 1356 2472 enim
1377 2445 1405 2472 iu
1423 2445 1566 2473 scribendo
1585 2446 1704 2481 haerco⁴,
1723 2454 1793 2481 quae
1812 2448 1893 2475 verba
1912 2447 2006 2475 Cicero

286 2487 378 2522 paullo
397 2491 462 2514 ante
481 2488 516 2515 ad
534 2488 658 2515 Atticum
677 2487 836 2521 scripserat.
