2100 2884
998 215 1047 249 10

1025 239 1046 249 ..a

115 329 155 362 ab
167 330 269 361 Attico
287 328 375 370 petit,
393 329 430 358 ut
445 324 549 357 linerti
561 323 720 356 Philotimi
740 324 877 354 rationes
895 323 1070 363 perspiciat,
1090 332 1109 353 a
1130 331 1190 363 quo
1211 331 1244 352 se
1262 320 1422 362 deceptum
1441 331 1509 353 esse
1527 320 1610 352 haud
1626 321 1739 352 iniuria
1756 322 1930 362 suspicatur

117 378 222 420 (ἔδοξέ
232 390 290 419 μοι
305 401 312 409 .
325 401 331 408 .
345 401 352 408 .
367 400 373 407 .
386 373 453 407 ὑπό
464 387 495 407 τι
508 377 736 417 πεφνρακέναι
751 372 809 409 τᾶς
824 371 955 414 ψῆφους
967 373 1003 403 ἐν
1014 379 1081 408 τοῖς
1092 370 1277 412 ὑπάρχουσι
1289 377 1354 407 τοῖς
1370 373 1428 402 τοῦ
1444 371 1694 413 Κροτωνιάτου).
1724 371 1803 403 Tum
1814 372 1932 414 pergit:

218 429 309 469 ‚Hoc
337 430 379 459 tu
400 426 562 467 indaga,
592 429 633 456 ut
655 423 784 460 soles;
813 426 873 454 ast
895 421 966 454 hoc
989 423 1131 463 magis:
1156 422 1195 459 ἐξ
1217 420 1366 458 ἄστεως
1394 421 1552 463 (Wesenb.
1575 421 1689 459 ἄστεος
1717 426 1825 453 contra
1846 422 1933 454 codd.

116 481 343 518 anctoritatem,
366 477 448 519 quod
468 487 530 508 non
551 475 660 517 probo)
682 473 922 515 ἐπταλόφου
941 475 1110 512 στείχων
1128 472 1335 513 παρέδωκε
1361 470 1417 513 (sc.
1434 472 1634 514 Philotimus)
1657 474 1741 513 μνῶ
1757 484 1774 502 ν
1791 474 1936 504 KAMN

117 529 312 571 ὀφείλημα
334 530 383 572 τῷ
400 527 596 569 Καμίλλῳ,
620 523 763 556 ἑαυτόν
784 536 823 556 τε
845 523 1064 565 ὀφείλοντα
1086 525 1185 562 μνᾶς
1206 522 1267 553 κδ’
1287 521 1327 553 ἐκ
1348 523 1426 553 τῶν
1450 524 1781 562 Κροτωνιατικῶν
1803 526 1869 554 καὶ
1890 522 1930 553 ἐκ

116 581 191 611 τῶν
213 578 561 620 Χερρονησιτικῶν
583 579 652 617 μη.
683 578 748 606 καὶ
769 577 870 614 μνᾶς
892 572 1191 614 κληρονομήσας
1223 575 1280 612 χμ“
1305 578 1378 612 xyst,
1407 572 1555 604 τούτων
1584 573 1623 605 δὲ
1649 574 1748 614 μηδὲ
1777 570 1926 613 ὀβολὸν

117 630 442 670 ῒδιευλυτῆσῧαι
465 627 544 668 (cod.
567 625 622 657 M.:
653 624 1011 664 AIEYAYTHCOAI)
1035 623 1201 655 πάντων
1223 622 1525 664 ὀφειληῦέντων
1545 625 1616 654 τοῦ
1637 623 1830 665 δευτέρου
1851 635 1926 665 μη-

117 679 184 716 νὸς
206 681 247 724 τῇ
270 679 480 720 νουμηνίᾳ·
523 676 593 708 τὸν
616 676 656 707 δὲ
679 673 956 715 ἀπελεύθερον
978 673 1123 712 αὐτοῦ,
1152 673 1247 705 ὄντα
1270 671 1482 713 ὁμώνυμον
1504 675 1554 715 τῷ
1579 672 1759 710 Κόνωνος
1780 675 1923 716 πατρί,

118 730 242 772 μηδὲν
265 727 485 769 ὁλοσχερῶς
507 727 837 768 πεφροντικέναι·
862 726 987 756 ταῦτα
1005 722 1089 762 οὖν,
1113 727 1273 764 πρῶτον
1295 726 1367 763 μὲν
1388 727 1455 755 ἵνα
1479 723 1615 755 πάντα
1631 723 1812 765 σώζηται.
1834 723 1927 756 δεύ-

119 792 238 822 τερον
261 780 299 811 δὲ
323 782 391 810 ἵνα
413 778 510 820 μηδὲ
531 779 608 808 τῶν
635 776 761 807 τόκων
785 774 1036 819 ὀλιγωρήσῃς
1058 776 1132 806 τῶν
1155 773 1236 805 dno*
1259 777 1322 815 τῆς
1346 776 1661 815 προεκκειμένης
1690 773 1849 816 ἡμέρας.

217 830 253 861 In
277 830 324 861 his
347 830 471 861 etiamsi
491 828 591 860 multa
613 827 790 858 obscuriora
812 826 861 866 (ἐν
879 826 1046 864 αἰνιγμοῖς,
1071 830 1106 856 ut
1127 826 1190 866 ipse
1214 826 1259 856 ait
1281 825 1384 857 Cicero
1408 825 1480 856 ibid.
1504 836 1549 866 ep.
1567 825 1595 856 7.
1615 825 1646 867 1)
1669 829 1752 864 sunt,
1775 835 1867 866 quam
1889 828 1927 856 ut

119 881 211 922 plane
234 881 338 912 onmia
359 879 582 921 inteUigantur,
611 882 714 908 tamen
738 877 821 907 nullo
843 876 934 907 modo
957 876 1184 908 ‹wincedcndum
1207 881 1255 907 cst
1277 880 1386 907 contra
1407 875 1661 907 consuetudinem
1685 876 1786 918 graeci
1809 885 1926 906 sermo-

119 932 168 962 nis
191 942 210 962 a
231 930 374 962 Cicerone
397 931 544 970 scriptum
567 939 644 960 esse.
694 929 737 959 Ac
758 928 904 967 primum,
939 930 972 957 ut
1002 937 1021 958 a
1048 926 1217 957 levioribus
1240 927 1393 967 incipiam,
1416 926 1623 966 interpunctio
1647 925 1702 957 illa
1721 930 1794 967 post
1814 935 1927 957 nomen

122 981 285 1023 Καμίλλῳ,
308 991 400 1022 quam
422 980 562 1019 Bootius,
584 979 737 1017 BaiteruS,
760 977 999 1018 Wesenbergius
1020 980 1200 1018 posuerunt,
1225 976 1364 1008 deleatur
1389 980 1519 1017 oportet.
1569 977 1646 1007 Nam
1669 975 1850 1017 magnitudo
1872 986 1929 1007 no-

122 1032 241 1063 minum
263 1030 371 1062 eadem
398 1034 447 1061 est
473 1031 505 1060 in
527 1034 658 1070 utroque
686 1029 847 1059 enuntiato
870 1027 1017 1069 (ΚΛΜΝ
1036 1025 1200 1068 ὀφείλημα
1222 1051 1228 1058 .
1248 1050 1256 1057 .
1274 1050 1281 1058 .
1302 1050 1309 1058 .
1332 1028 1417 1066 μνᾶς
1437 1026 1486 1057 κδ’
1509 1050 1516 1058 .
1535 1051 1542 1058 .
1561 1050 1568 1057 .
1589 1049 1596 1057 .
1619 1027 1690 1067 μν’)
1719 1031 1750 1058 et
1780 1027 1931 1057 accusati-

122 1092 197 1114 vum
219 1079 396 1123 ὀφείλοντα
413 1083 450 1111 ut
471 1080 668 1121 explicemus,
690 1078 820 1110 verbum
842 1077 1032 1118 παρέδωκεν
1053 1077 1092 1108 ad
1115 1082 1279 1118 utrumque
1302 1078 1498 1108 enuntiatum
1520 1077 1632 1108 referre
1655 1078 1804 1118 cogimur.
1830 1077 1932 1108 Verba

122 1136 228 1164 autem
256 1132 311 1164 illa
332 1132 504 1164 arctissime
527 1132 606 1161 inter
628 1140 661 1161 se
685 1129 865 1160 coniuncta:
896 1127 1094 1166 ,παρέδωκεν
1121 1126 1282 1170 ὀφείλημα
1310 1126 1431 1158 ἑαυτόν
1459 1139 1494 1158 τε
1521 1126 1717 1168 ὀφείλοντα“
1747 1128 1932 1159 transverti-

123 1193 194 1215 mus
216 1184 275 1214 ita:
305 1193 360 1223 ,ex
390 1181 465 1213 urbe
496 1184 615 1221 septem
645 1179 769 1211 collium
790 1178 987 1220 proficiscens
1010 1178 1137 1210 Camillo
1165 1197 1206 1201 —
1234 1177 1388 1209 Ciceronis
1412 1179 1527 1218 amico,
1555 1179 1607 1218 qui
1639 1179 1778 1210 absentis
1806 1179 1934 1219 negotia

124 1233 290 1274 curabam)
309 1251 350 1256 —
367 1232 502 1264 nominis
518 1231 630 1272 viginti
648 1233 797 1270 quattuor
812 1232 843 1260 et
865 1228 1071 1270 quadraginta
1088 1232 1157 1259 octo
1173 1229 1326 1259 minarum
1349 1229 1530 1259 rationem
1546 1228 1623 1259 redd
1635 1230 1643 1259 i
1654 1228 1671 1259 d
1682 1229 1714 1259 it
1730 1232 1761 1259 et
1780 1228 1932 1269 quidem

125 1294 165 1315 se
187 1284 312 1325 ipsum
334 1282 472 1315 eiusdem
493 1282 627 1313 nominis
650 1280 872 1311 debitorem
899 1279 929 1310 h.
953 1290 977 1310 c.
1007 1289 1101 1320 quum
1128 1280 1266 1310 rationes
1296 1278 1379 1310 illius
1402 1279 1536 1309 nominis
1558 1278 1708 1318 redderet,
1732 1280 1833 1320 ipsum
1856 1279 1935 1310 dixit

127 1338 276 1374 quattuor
305 1338 338 1365 et
369 1333 482 1374 viginti
515 1332 617 1363 minas
653 1330 762 1361 debere
790 1341 828 1361 ex
859 1330 949 1361 bonis
978 1328 1193 1361 Crotoniaticis
1228 1334 1259 1360 ct
1289 1329 1496 1370 qnadraginta
1525 1334 1557 1360 et
1586 1333 1654 1360 octo
1683 1339 1720 1360 ex
1756 1330 1800 1360 eis
1813 1353 1821 1366 ,
1858 1339 1938 1370 quae

126 1388 230 1416 essent
258 1385 290 1415 iu
318 1383 530 1415 Chersoneso‘.
573 1382 775 1422 Participium
804 1381 899 1421 igitur
929 1378 1103 1420 ὀᾳείλοντα
1134 1390 1187 1421 per
1214 1381 1460 1411 coniunctionem
1490 1392 1525 1410 τε
1555 1379 1593 1411 ad
1623 1379 1752 1410 verbum
1782 1379 1934 1420 παρέδω-

126 1446 182 1466 κεν
204 1434 384 1466 adiunctum
408 1436 456 1464 est
478 1433 541 1473 ita,
568 1436 604 1464 ut
632 1431 860 1473 quodammodo
883 1431 945 1461 vim
970 1430 1084 1461 habeat
1112 1432 1336 1462 enuntiationis
1365 1430 1591 1470 secundiariac,
1622 1441 1701 1472 quae
1723 1430 1876 1471 compleat
1895 1429 1937 1470 id,

126 1485 208 1526 quod
230 1486 391 1516 enuntiato
414 1484 558 1525 primario
581 1483 697 1514 dictum
720 1482 816 1523 est2).
855 1481 972 1512 Deinde
991 1482 1021 1511 in
1039 1482 1202 1512 enuntiato
1232 1481 1344 1521 altero,
1367 1482 1449 1522 quod
1472 1482 1582 1522 incipit
1605 1492 1624 1512 a
1646 1481 1749 1512 verbis
1777 1484 1833 1511 καὶ
1853 1481 1937 1520 μνᾶς

125 1534 377 1577 κληρονομήσας,
400 1534 503 1566 Cicero
522 1534 624 1575 pergit
639 1542 828 1571 enumerare⁷
853 1531 965 1572 quibus
982 1532 1019 1562 de
1037 1532 1215 1563 nominibus
1234 1531 1421 1563 Philotimus
1440 1533 1576 1563 rationes
1593 1532 1769 1569 reddiderit,
1793 1531 1935 1572 gravius-

127 1595 188 1626 que
219 1589 346 1617 accusat
373 1584 534 1617 Philotimi
565 1583 790 1615 infidelitatem.
842 1583 944 1621 Quum
968 1586 1071 1613 autem
1100 1583 1131 1614 in
1155 1583 1217 1622 eis,
1247 1593 1326 1622 quac
1357 1583 1448 1613 modo
1480 1583 1651 1622 enarravit,
1674 1581 1878 1613 Philotimum
1902 1592 1936 1613 se

127 1637 230 1677 ipsum
252 1635 421 1668 debitorem
445 1645 513 1667 esse
536 1634 735 1666 confitentem
758 1633 893 1671 fecisset,
916 1632 1046 1663 eundem
1068 1633 1189 1674 reliqua
1212 1644 1334 1674 quoque
1357 1633 1535 1675 loquentem
1557 1633 1632 1664 facit
1654 1632 1784 1673 ideoque
1811 1632 1849 1663 de
1877 1633 1936 1663 im-

128 1687 254 1728 proviso
278 1687 418 1718 oratione
440 1685 567 1727 obliqua
588 1685 703 1723 utitur,
733 1682 816 1723 quod
838 1682 959 1724 quidem
984 1682 1081 1714 elucet
1104 1694 1141 1714 cx
1163 1684 1343 1723 infinitivis,
1375 1685 1427 1724 qui
1451 1688 1637 1725 sequuntur:
1665 1693 1736 1713 nam
1760 1681 1937 1714 hauddubie

128 1738 160 1768 in
194 1736 422 1768 characteribus
456 1737 516 1768 illis
542 1735 650 1767 AIEY
650 1738 681 1765 A
690 1736 716 1764 Y
721 1734 893 1765 THCOAI
925 1733 1098 1765 infinitivus
1134 1735 1259 1776 quidam
1287 1734 1378 1773 latet,
1409 1745 1500 1775 quem
1530 1733 1633 1775 paullo
1660 1737 1732 1774 post
1763 1733 1936 1764 infinitivus

129 1789 387 1828 πεφροντικέναι
408 1788 528 1828 excipit.
576 1786 617 1817 At
639 1788 721 1815 certe
750 1794 845 1814 unum
868 1787 1031 1824 repugnat:
1060 1786 1256 1826 participium
1287 1785 1362 1815 illud
1384 1784 1642 1825 κληρονομήσας,
1672 1783 1753 1825 quod
1782 1783 1937 1815 Victorius

130 1849 167 1869 ex
189 1837 269 1869 Med.
292 1837 404 1869 litteris
434 1844 660 1878 αηρονομησας
688 1834 878 1870 enucleavit3
908 1839 1057 1875 repugnat
1080 1845 1170 1866 casus
1193 1836 1405 1867 nominativus
1438 1836 1496 1866 toti
1520 1835 1686 1866 contextui.
1743 1834 1804 1865 Nec
1832 1838 1936 1865 tamen

130 1887 254 1919 difficile
277 1891 325 1918 est
346 1888 386 1919 ad
409 1886 639 1928 explicandum,
669 1885 821 1926 quomodo
844 1885 958 1915 nomin.
982 1885 1225 1926 κληρονομήσας
1253 1890 1339 1917 ortus
1368 1887 1423 1918 sit:
1453 1885 1596 1916 librarius
1620 1886 1718 1924 enim,
1746 1885 1799 1925 qui
1835 1884 1936 1926 paullo

132 1942 204 1969 ante
229 1937 415 1970 vocabulum
444 1938 528 1977 μνᾶς
558 1938 736 1978 scripserat,
772 1935 943 1966 litterarum
977 1935 1178 1967 similitudine
1212 1936 1356 1967 seductus
1392 1936 1492 1967 oculis
1528 1936 1674 1967 aberrans
1711 1936 1835 1976 scripsit
1862 1935 1937 1976 κλη-

132 1987 336 2029 ρονομήσας
362 1999 415 2030 pro
442 1988 705 2029 κληρονομῆσαι
729 1985 899 2026 (ΜΝΛΟ
923 1985 1363 2026 (Κ)ΛΗΡ()Ν()ΜΗΟΛΟ,
1391 1989 1488 2017 ΗΝΙΙ
1514 1991 1660 2027 perpetuo
1685 1985 1938 2028 confumluntur),

138 2039 190 2078 qui
219 2038 392 2071 infinitivus
423 2039 594 2079 requiritur.
638 2037 742 2078 Neque
771 2036 853 2067 enim
875 2036 984 2067 Bootio
1007 2037 1247 2078 assenti111111·³)‚
1279 2038 1331 2078 qui
1361 2049 1454 2078 quum
1484 2037 1711 2068 nominativum
1739 2034 1938 2077 κληρονομή-

136 2098 195 2124 σας
232 2093 351 2130 premat
366 2113 374 2130 ,
406 2089 516 2130 corrigi
547 2088 633 2119 iubet
648 2100 654 2119 :
686 2085 786 2121 αιῖτός
829 2099 863 2118 τε
897 2084 1037 2128 ἆᾳείλων
1071 2098 1124 2127 pro
1154 2086 1273 2119 ἑαυτόν
1306 2100 1340 2119 τε
1374 2086 1552 2130 διχήλου-τα
1583 2087 1679 2128 (quae
1708 2086 1804 2118 verba
1836 2089 1943 2117 nostra

195 2207 216 2237 ¹)
237 2205 269 2231 de
288 2214 338 2237 quo
357 2213 444 2233 sermo
462 2209 512 2236 est,
530 2208 562 2232 ut
579 2205 692 2232 Boetius
710 2209 809 2237 monet,
829 2207 903 2232 Fam.
922 2206 955 2235 V,
973 2206 1014 2235 20,
1032 2204 1107 2233 XIV,
1125 2206 1149 2235 5,
1167 2205 1190 2231 2.
1210 2205 1243 2231 ad
1263 2206 1320 2231 Λα.
1341 2205 1387 2233 VI.
1408 2206 1429 2234 1,
1450 2206 1493 2235 193
1512 2204 1560 2235 XI,
1581 2205 1618 2234 1⁴3,
1638 2205 1661 2230 ἴ).

193 2249 219 2279 ²)
239 2247 271 2274 cf.
290 2248 403 2274 Kiihner
421 2248 466 2274 Gr.
486 2248 531 2274 Gr.
550 2255 575 2280 p.
589 2249 645 2279 736,
670 2249 699 2274 ‘22
725 2249 765 2279 ‚111
784 2249 832 2274 der
850 2249 934 2274 Pro-sa
953 2249 989 2274 ist
1008 2248 1052 2274 die
1072 2247 1252 2279 Verbindung
1271 2247 1408 2273 einzelner
1427 2247 1545 2280 Regi-iffa
1565 2246 1648 2272 durch
1668 2255 1693 2271 τε
1711 2245 1774 2271 sehr
1793 2246 1888 2272 selten.
1907 2260 1939 2264 -

235 2290 368 2323 Hiiufiger
386 2290 429 2317 bei
447 2289 550 2316 Partir.
568 2297 593 2315 u.
614 2289 724 2321 Infinit.⁷
743 2291 786 2316 die
805 2290 1044 2323 gewissormassen
1069 2290 1109 2316 als
1128 2289 1298 2321 erganzende
1318 2289 1488 2315 Ncbcnsiitze
1511 2296 1546 2314 zu
1571 2287 1731 2314 betrachten
1751 2287 1824 2314 sind:
1849 2290 1939 2313 πυθο-

235 2334 302 2366 μένη
322 2333 346 2357 d⁷
365 2332 448 2363 ἓκείνη
467 2331 619 2365 α’ψικνιῖιαι
636 2333 721 2367 μέλαν
739 2342 763 2357 τε
783 2333 889 2366 ἱμάτιον
908 2333 1083 2367 η’λιιιμὲσμένη,
1103 2340 1133 2363 ,u
1142 2331 1181 2357 nd
1201 2339 1288 2357 zwar
1307 2331 1358 2357 mit
1377 2339 1399 2357 e.
1419 2332 1499 2357 schw.
1519 2331 1592 2357 Gew.
1611 2329 1765 2356 bekleidct‘.

194 2375 218 2406 ³)
236 2373 349 2400 Bootius
368 2374 503 2406 1.p.278:
522 2373 709 2405 ,Accusativos
728 2373 859 2400 {ewro'vn
879 2375 1020 2407 ιῖιμιῖλονια
1039 2376 1181 2407 corruptos
1200 2381 1259 2399 esse
1278 2373 1399 2399 ostendit
1412 2372 1597 2399 nominativus
1615 2370 1824 2405 κληρονομήσας.
1852 2371 1938 2398 Mani-

234 2416 305 2442 festo
325 2416 356 2447 (Β)
375 2415 446 2442 enim
464 2418 609 2448 utrumque
628 2415 802 2449 participium
816 2416 986 2442 referendum
1005 2419 1048 2442 cst
1067 2416 1100 2441 ad
1114 2415 1264 2447 subjectum
1279 2415 1353 2441 verbi
1374 2415 1536 2446 παρέδωκεν.
1563 2414 1636 2446 Ergo
1656 2414 1845 2446 corrigendum
1860 2413 1940 2442 ‹zv'rdg

236 2466 259 2484 τε
279 2458 403 2491 ὀφείλων.
429 2457 482 2483 Pro
501 2458 679 2483 διαλυσασθαι
698 2457 772 2488 (Cod.
792 2457 828 2484 M.
848 2458 1060 2490 διευαυτῆσθαι),
1081 2458 1125 2489 qui
1147 2457 1300 2483 infinitivus
1318 2465 1372 2483 non
1391 2460 1483 2489 potest,
1501 2464 1515 2481 a
1535 2465 1559 2482 v.
1579 2457 1717 2489 παρέδωκε
1735 2455 1862 2488 pendere,
1881 2463 1940 2481 ver-

236 2500 297 2526 bum
316 2499 422 2525 finitum
441 2498 599 2532 requiritur,
619 2499 689 2532 quod
709 2499 897 2526 extricandum
916 2507 949 2527 ex
967 2502 1104 2534 scriptura
1122 2499 1192 2525 Med.
1212 2500 1410 2531 διευαυτῆσθαι.
1438 2497 1511 2525 Satis
1531 2500 1625 2531 aptum
1645 2497 1698 2524 erit
1717 2497 1874 2524 d‘sthicaro‘.
1895 2496 1925 2529 (⁴3)
