2100 2884
976 236 1004 270 21

89 358 184 390 quum
205 347 284 379 alias
311 344 475 378 Brundisio
505 345 546 377 ad
567 345 703 377 Atticum
734 342 882 385 epistulas
910 346 992 375 recte
1019 342 1109 374 datas
1138 352 1206 374 esse
1229 341 1337 374 eadem
1358 341 1413 374 illa
1439 341 1536 374 verba
1556 341 1688 374 doceant
1715 341 1895 384 (Brundisio

90 409 169 440 quae
196 397 254 430 tibi
283 396 432 439 epistulae
459 395 597 428 redditae
625 399 698 427 sunt
726 395 793 426 sine
822 393 930 435 meis):
968 393 1062 434 igitur
1087 403 1126 424 ne
1155 393 1275 424 Atticus
1302 392 1426 434 quidem
1453 392 1631 424 huiusmodi
1663 395 1896 427 excusationem

90 449 246 482 Ciceronis
267 447 328 479 sibi
348 446 475 479 finxisse
497 450 609 488 potest.
642 445 711 483 Qua
732 443 770 475 de
793 454 888 475 causa
909 443 1002 475 aliam
1023 444 1108 475 viam
1130 443 1261 484 ingressi
1283 452 1390 475 omnes
1411 442 1569 484 epistulas,
1591 455 1669 485 quas
1690 444 1795 476 Cicero
1809 444 1897 478 brevi

89 504 163 531 ante
185 499 261 531 illud
283 502 405 538 tempus
426 497 546 528 dandas
567 495 695 534 curavit,
718 493 955 535 pei-lustremus:
974 504 1044 535 spes
1060 495 1142 524 enim
1156 497 1205 525 est
1225 494 1257 524 in
1279 493 1324 525 eis
1345 503 1403 524 nos
1424 494 1510 524 viam
1531 494 1688 535 quandam
1710 494 1896 527 emendandi

90 559 159 581 esse
180 553 364 591 reperturos.
407 549 450 579 Ac
475 548 606 588 primum
633 544 757 586 quidem
787 546 917 576 occurrit
945 544 1014 575 libri
1041 544 1067 575 V
1089 543 1223 586 epistula
1251 547 1363 575 octava
1391 544 1458 584 ipso
1480 543 1645 576 Brundisio
1667 545 1752 586 data,
1782 546 1814 577 in
1836 557 1900 587 qua

90 598 167 631 haec
186 603 274 631 sunt:
297 609 357 638 ,me
379 603 410 630 et
430 596 625 629 incommoda
645 595 802 635 valetudo,
831 606 848 627 e
871 606 931 636 qua
954 596 1015 626 iam
1037 604 1231 633 emerseram,
1259 598 1368 635 utpote
1390 605 1484 635 quum
1507 595 1574 625 sine
1595 594 1673 626 febri
1693 595 1897 637 laborassem,

91 653 124 681 et
143 649 301 691 Pomptini
335 648 505 689 expectatio
529 671 536 678 .
559 671 566 678 .
590 670 598 678 .
620 671 628 677 .
657 646 784 677 tenebat
817 646 1030 677 duodecimum
1061 646 1124 676 iam
1153 645 1236 676 diem
1263 644 1443 684 Brundusii,
1477 643 1533 676 sed
1559 654 1683 676 cursum
1715 647 1899 689 expectaba-

90 710 171 732 mus.
214 700 261 731 Tu
291 700 323 730 si
352 698 459 729 modo
489 708 529 729 es
556 697 698 729 Romae
727 715 769 719 -
790 698 843 727 vix
867 697 947 727 enim
970 699 1042 737 puto
1064 714 1106 718 —
1127 696 1176 726 sin
1198 705 1248 734 ες,
1275 694 1335 726 hoc
1362 694 1562 726 vehementer
1584 695 1815 729 animadvertas
1844 708 1899 730 ve-

90 744 148 781 lim
176 774 184 782 .
207 774 214 781 .
238 774 245 781 .
269 750 292 781 ‚⁴
353 749 438 788 Quae
468 747 565 780 verba
597 757 693 789 quum
719 747 851 779 doceant
877 746 1052 778 Ciceronem
1078 750 1228 784 metuere,
1261 755 1300 776 ne
1328 746 1447 777 Atticus
1477 745 1608 776 Romam
1644 746 1813 788 reliquerit,
1849 758 1903 779 su-

92 801 261 842 spicionem
289 804 416 831 movent
441 799 578 831 Atticum
609 797 765 837 arbitrari,
799 797 879 840 quod
910 798 976 838 ipse
1002 796 1103 828 Roma
1131 796 1276 835 afuisset,
1311 807 1331 827 a
1363 795 1507 827 Cicerone
1535 796 1685 837 epistulas
1715 807 1778 828 non
1815 797 1906 830 datas

95 861 174 882 esse.
218 850 287 882 Huc
315 850 465 881 accedunt
492 847 639 890 epistulae
660 849 690 887 4,
712 848 743 887 5,
765 849 794 887 6,
819 849 835 879 7
865 847 935 879 libri
959 848 1058 887 quinti
1080 847 1111 878 in
1134 846 1264 878 eandem
1285 847 1472 878 sententiam
1494 847 1626 888 scriptae
1659 847 1712 878 cfr.
1733 847 1770 888 V,
1796 848 1832 879 4:
1865 849 1907 888 ,si

93 911 144 932 me
165 911 268 940 amas,
297 900 518 942 priusquam
539 898 828 940 proficiscaris,
855 897 966 936 effice‘,
993 897 1029 937 V,
1056 897 1090 929 5:
1119 897 1161 936 ,id
1182 898 1284 938 ipsum
1313 897 1388 928 scire
1411 897 1516 938 cupio,
1546 897 1650 938 quod
1679 897 1723 929 ad
1752 902 1906 940 tempus

95 956 201 983 recte
233 951 274 982 ad
298 954 329 982 te
357 949 535 982 scribere
563 950 723 990 possim,
755 959 794 979 ne
828 948 899 979 dem
930 948 1069 987 frustia‘,
1107 947 1142 986 V,
1171 948 1206 979 6:
1240 946 1420 987 ,brevior
1446 948 1509 978 iam
1544 949 1575 979 in
1603 948 1813 980 scribendo
1842 949 1906 980 in-

95 1003 197 1044 cipio
225 1002 317 1034 fieri
345 1000 507 1040 dubitans,
536 999 693 1031 Romaene
720 1000 764 1029 sis
791 1009 831 1029 an
858 999 920 1029 iam
941 998 1112 1039 profectus‘,
1140 997 1176 1037 V,
1199 998 1234 1028 7.-
1264 997 1410 1038 ,quotidie
1435 997 1486 1029 vel
1513 1000 1616 1039 potius
1646 999 1678 1030 in
1708 999 1789 1030 dies
1825 1000 1908 1031 sin-

94 1052 206 1094 gulos
233 1052 444 1084 breviores
468 1050 624 1082 litteras
657 1049 698 1081 ad
723 1054 753 1080 te
779 1050 885 1086 mitto;
913 1048 1047 1090 quotidie
1076 1049 1158 1079 enim
1186 1048 1287 1089 magis
1314 1048 1452 1089 suspicor
1481 1053 1510 1079 te
1539 1049 1570 1080 in
1593 1049 1719 1090 Epirum
1747 1050 1809 1081 iam
1835 1060 1907 1091 pro—

96 1102 231 1135 fectum‘.
262 1103 330 1134 Iam
351 1101 427 1133 haec
452 1101 568 1142 legenti
596 1101 644 1132 cui
671 1110 733 1131 non
755 1100 787 1130 in
809 1101 949 1131 animum
970 1100 1056 1131 venit
1076 1099 1211 1130 Atticum
1233 1096 1424 1139 α’ποδημίαν
1451 1098 1502 1130 vel
1523 1101 1626 1140 potius
1654 1097 1910 1142 ἅλλοδημιάν

98 1164 188 1186 suam
215 1153 313 1185 fuisse
348 1161 460 1184 causae
494 1152 704 1190 existimasse,
735 1160 788 1181 cur
816 1150 981 1182 Brundisio
1009 1149 1069 1181 sibi
1099 1159 1118 1180 a
1147 1148 1292 1180 Cicerone
1321 1147 1444 1180 litterae
1474 1148 1578 1181 nullae
1615 1149 1754 1182 redditae
1789 1153 1910 1182 essent!

97 1204 140 1236 Et
164 1203 299 1246 profecto
327 1203 382 1235 via
407 1201 559 1243 quaedam
587 1205 689 1242 patet,
718 1204 753 1232 ut
782 1201 974 1232 scribamus:
1003 1210 1092 1241 ,nam
1126 1199 1212 1230 illam
1240 1196 1445 1240 ἅλλοόημίαν
1467 1199 1523 1240 (sc.
1551 1200 1650 1242 tuam)
1682 1202 1910 1233 excusationem

98 1307 138 1329 ne
165 1296 339 1338 acceperis‘.
392 1294 544 1326 Nimirum
569 1294 673 1326 littera
701 1296 735 1324 N
763 1293 908 1325 vocabuli
939 1294 1014 1333 ‚No
1026 1294 1098 1323 MA
1106 1259 1140 1323 ἔ
1144 1295 1177 1323 Λ
1184 1294 1235 1322 ΡΙ
1238 1294 1271 1323 A
1296 1293 1364 1323 me‘
1401 1296 1467 1323 tum
1493 1291 1625 1324 delenda
1654 1297 1715 1331 est,
1743 1304 1802 1335 quo
1829 1293 1911 1326 facto

99 1347 340 1389 transpositione
360 1363 402 1368 ——
422 1356 485 1377 non
507 1355 586 1387 nego
609 1344 773 1376 audaciore
794 1363 836 1367 -
859 1345 955 1376 oritur
977 1345 1011 1374 A
1018 1348 1051 1374 A
1058 1348 1090 1374 Λ
1097 1345 1123 1374 O
1145 1345 1173 1374 A
1180 1342 1269 1385 H(P)
1279 1345 1296 1373 l
1302 1347 1335 1375 A
1360 1353 1413 1374 me
1436 1342 1466 1374 h.
1483 1353 1510 1374 e.
1532 1346 1566 1374 A
1573 1347 1605 1375 A
1612 1347 1645 1374 A
1652 1346 1713 1375 ΟΔ
1720 1346 1752 1375 Η
1760 1346 1801 1375 Μ
1806 1346 1825 1375 I
1827 1347 1861 1376 A
1868 1347 1913 1384 N,

1002 1389 1119 1399 Μ

100 1425 147 1455 ita
166 1426 203 1455 ut
223 1422 328 1454 littera
349 1432 366 1452 e
386 1421 577 1463 pronominis
601 1421 690 1460 ,me‘
720 1420 759 1452 ad
787 1430 854 1452 voc.
878 1420 1109 1451 excusationem
1132 1419 1289 1450 referatur.
1312 1437 1353 1441 —
1381 1418 1442 1450 Sed
1465 1418 1652 1459 probabilior
1675 1421 1754 1451 ratio
1777 1420 1909 1452 sanandi

103 1475 197 1506 etiam
219 1482 382 1514 superesse
402 1471 540 1503 videtur:
568 1474 694 1502 exstant
722 1470 800 1503 duae
823 1471 977 1503 Ciceronis
1005 1470 1043 1501 ad
1071 1470 1149 1510 App.
1172 1468 1339 1500 Pulchrum
1369 1469 1422 1500 illo
1445 1470 1592 1509 temporis
1621 1471 1720 1510 spatio
1743 1470 1912 1503 Brundisio

102 1524 195 1557 datae
217 1522 376 1565 epistulae,
398 1522 431 1553 in
452 1521 563 1563 quibus
586 1521 624 1552 de
646 1522 806 1562 provincia
827 1521 886 1552 sibi
909 1520 1058 1552 tradenda
1073 1530 1143 1550 cum
1158 1521 1256 1561 Appio
1280 1530 1376 1560 agens
1399 1530 1494 1560 quum
1518 1518 1580 1551 alia
1602 1524 1667 1551 tum
1689 1520 1766 1553 haec
1788 1521 1913 1553 scribit:

103 1574 281 1615 ,censebant
302 1583 419 1612 omneS,
441 1576 477 1603 ut
497 1573 530 1603 in
550 1571 644 1603 Italia
665 1571 914 1613 supplementum
942 1572 1018 1603 meis
1041 1576 1072 1602 et
1093 1570 1196 1601 Bibuli
1218 1570 1392 1611 legionibus
1415 1570 1613 1603 scriberetur:
1643 1571 1674 1602 id
1695 1582 1790 1612 quum
1812 1571 1913 1613 Sulpi-

104 1626 169 1657 cius
190 1635 252 1656 cos.
274 1634 439 1665 passurum
461 1633 494 1654 se
515 1626 652 1664 negaret,
682 1622 782 1654 multa
810 1633 867 1654 nos
895 1622 1019 1663 quidem
1047 1622 1148 1663 questi
1171 1631 1277 1652 sumus
1301 1632 1326 1652 e.
1349 1632 1377 1662 q.
1401 1623 1434 1652 s.‘
1472 1620 1529 1651 His
1551 1631 1656 1662 preces
1678 1622 1773 1661 addit,
1797 1626 1832 1653 ut
1851 1622 1913 1663 Ap·

103 1677 174 1717 pius
195 1675 324 1716 exiguas
346 1684 422 1715 quas
443 1672 558 1704 habeat
580 1674 683 1714 copias
705 1684 798 1713 quam
819 1674 946 1704 minime
968 1673 1145 1703 imminuat:
1169 1682 1242 1702 nam
1266 1671 1403 1703 Ciceroni
1426 1672 1457 1702 in
1481 1673 1672 1712 provinciam
1692 1673 1774 1703 ituro
1797 1672 1913 1703 bellum

104 1724 286 1757 imminebat
315 1734 384 1755 cum
409 1723 655 1755 bellicosioribus
680 1723 860 1754 nationibus
890 1723 1066 1765 gerendum.
1112 1723 1197 1761 Quae
1220 1732 1315 1763 quum
1336 1723 1381 1753 ita
1402 1723 1474 1758 sint,
1503 1723 1653 1763 suspicari
1674 1722 1745 1753 licet
1767 1723 1914 1762 Atticum,

106 1777 217 1818 quippe
245 1775 299 1816 qui
324 1773 401 1805 illud
427 1774 581 1806 Ciceronis
611 1773 750 1805 studium
777 1775 881 1805 omnia
909 1773 948 1805 ad
978 1773 1093 1805 bellum
1121 1773 1250 1814 parandi
1273 1776 1461 1813 compertum
1489 1771 1658 1810 habuisset,
1690 1773 1721 1803 in
1748 1772 1830 1804 hunc
1852 1773 1916 1804 fere

105 1826 233 1858 modum
255 1826 284 1857 ei
306 1824 481 1865 scripsisse:
506 1823 645 1865 ,μονήν
667 1828 775 1855 tuam
795 1822 969 1865 ’Λρείαν·
991 1842 1031 1847 -—
1059 1823 1142 1855 haud
1165 1825 1246 1855 enim
1270 1824 1434 1864 ignoravit.
1463 1828 1499 1853 ut
1520 1833 1612 1864 supra
1634 1824 1802 1864 tetigimus,
1831 1822 1917 1855 Cice-

107 1887 213 1908 ronem
235 1875 411 1917 quindecim
435 1874 498 1905 fere
530 1873 595 1906 dies
616 1874 775 1905 Brundisii
801 1878 956 1905 moratum
985 1884 1052 1905 esse
1074 1892 1116 1897 —
1145 1885 1202 1913 ,ex
1212 1874 1460 1905 cusationem
1482 1874 1654 1914 accipio,
1685 1884 1737 1905 cur
1765 1874 1831 1905 sine
1853 1875 1917 1905 tuis

108 1926 272 1958 Brundisio
294 1925 371 1957 mihi
392 1924 515 1956 litterae
537 1924 629 1956 datae
652 1926 734 1956 sint‘.
768 1924 827 1956 His
850 1929 955 1956 autem
977 1923 1079 1955 verbis
1101 1935 1163 1956 non
1185 1924 1324 1965 vulgaris
1347 1925 1592 1964 occupationum,
1616 1923 1669 1954 sed
1692 1924 1843 1955 eiusmodi
1865 1934 1919 1955 ex-

109 1978 228 2009 cusatio
251 1977 434 2016 continetur,
457 1985 536 2016 quae
558 1986 596 2006 ex
618 1976 773 2007 sententia
795 1974 950 2006 Ciceronis
974 1985 1041 2006 esse
1064 1974 1212 2006 debebat:
1241 1974 1325 2015 μονῇ
1356 1975 1436 2005 enim
1458 1972 1566 2015 ’Λρειά
1589 1984 1626 2005 ea
1648 1978 1695 2005 est
1717 1985 1813 2015 mora,
1839 1984 1919 2015 quae

110 2029 142 2059 in
162 2027 263 2059 Maroe
288 2025 493 2067 comparando
524 2025 692 2057 conficitur.
741 2025 900 2057 Scribatur
926 2027 1020 2067 igitur
1046 2025 1155 2056 velim:
1185 2035 1286 2065 ,nam
1315 2023 1424 2055 illam
1452 2023 1585 2065 μονὴν
1612 2021 1670 2065 ’Λρ
1681 2027 1714 2055 εί
1723 2036 1772 2055 αν
1798 2034 1918 2056 meam

111 2078 343 2110 excusationem
364 2086 402 2107 ne
424 2077 596 2117 acceperis‘.
638 2075 740 2107 Verba
760 2086 879 2117 graeca,
902 2087 980 2118 quae
1002 2076 1227 2118 proposuimus,
1251 2075 1493 2116 transpositione
1524 2079 1644 2106 statuta
1672 2075 1809 2116 proxime
1831 2084 1918 2106 acce·

112 2128 190 2160 dunt
210 2127 249 2160 ad
271 2127 383 2159 ductus
405 2126 484 2167 illos,
508 2127 561 2168 qui
581 2131 656 2158 sunt
677 2127 709 2157 in
731 2126 834 2158 codice
856 2126 911 2158 M.:

666 2218 733 2250 cod.
754 2219 795 2251 M.
819 2187 1096 2250 ΝΟΜΛΙῙΞΛΡΙΛ
1117 2229 1167 2250 me

665 2280 723 2301 nos
821 2271 983 2301 MONHN
1001 2267 1198 2322 APELAW]
1222 2267 1346 2311 me[am]

115 2345 318 2386 similiterque
340 2345 423 2376 dicta
444 2348 518 2376 sunt
539 2348 631 2386 atque
653 2343 769 2384 τεύχεα
792 2343 902 2387 α’ρῆϊα,
925 2344 1018 2376 ἔντεα
1040 2342 1140 2387 α’ρῆϊα
1164 2344 1203 2376 ad
1226 2344 1307 2375 alius
1329 2354 1435 2375 morae
1457 2343 1670 2375 differentiam.

213 2411 332 2444 Deinde
353 2411 423 2444 libri
445 2411 473 2442 V
495 2411 628 2453 epistula
649 2411 690 2444 20
713 2413 826 2454 scripta
847 2413 879 2443 in
901 2411 1008 2444 Cilicia
1028 2412 1059 2443 in
1082 2411 1218 2443 medium
1240 2412 1383 2453 prodeat:
1408 2411 1512 2443 Cicero
1535 2421 1603 2442 sese
1625 2412 1841 2452 imperatorem
1863 2421 1920 2452 ap—

115 2462 264 2504 pellatum
286 2472 356 2494 esse
377 2463 511 2502 nuntiat,
538 2473 650 2504 magno
678 2472 748 2494 cum
773 2462 886 2504 gaudio
908 2473 958 2494 res
980 2466 1086 2505 gestas
1108 2463 1140 2494 in
1163 2463 1321 2504 provincia
1342 2466 1456 2502 nanat,
1479 2461 1701 2493 continentiam
1724 2466 1756 2493 et
1776 2472 1865 2494 suam
1888 2465 1921 2492 et

115 2523 241 2546 suorum
262 2513 296 2545 in
316 2511 436 2545 caelum
458 2523 556 2555 paene
577 2512 706 2554 extollit,
729 2515 775 2546 ita
794 2513 910 2554 pergit:

0 2760 231 2884 „N
