1928 2892
31 637 106 692 Ile
134 635 263 691 locis
294 599 496 705 aliquut
525 633 754 704 graeoiS,
785 634 875 702 qui
905 634 1084 766 inslunt
1114 635 1168 688 in
1201 633 1467 688 Ciceronis
1498 633 1570 688 ad
1601 634 1826 690 Atticum

807 715 977 785 epistu
1000 715 1059 768 is,

130 829 178 877 Μ.
201 844 283 877 Tulli
305 842 468 886 epistulae,
491 842 605 884 quibus
636 842 720 874 haud
747 844 811 874 scio
835 853 875 874 an
897 842 1017 874 nullum
1048 843 1131 875 aliud
1163 844 1359 886 antiquitatis
1386 847 1623 876 monumentum
1645 843 1785 886 pluribus
1807 853 1844 875 ac

23 896 219 941 gravioribus
240 893 361 926 mendis
383 893 578 933 deformetur,
610 894 732 925 etiamsi
754 895 892 925 virorum
920 894 1169 926 doctissimorum
1200 895 1323 936 iugenio
1355 898 1386 926 et
1407 894 1570 936 diligentia
1596 895 1766 926 innumeris
1794 894 1843 925 vi-

22 949 77 981 tiis
97 950 249 990 purgatae
270 948 352 985 sunt,
376 947 480 976 tamen
501 944 602 976 multa
624 948 744 976 restant
766 946 811 976 ita
833 946 1012 986 composita,
1043 950 1078 976 ut
1100 946 1279 978 etiamnunc
1300 945 1379 977 bene
1401 949 1566 985 mereatur,
1596 946 1647 987 qui
1670 946 1715 976 eis
1737 944 1843 976 mede-

22 999 86 1032 lam
108 999 217 1031 afferre
238 1000 372 1028 conetur.
415 994 464 1027 Ex
491 994 539 1026 his
567 996 661 1037 igitur
688 995 746 1027 hac
777 996 850 1027 data
877 996 1028 1027 scribendi
1059 997 1219 1028 occasione
1247 996 1332 1028 locos
1356 996 1475 1038 aliquot
1496 1006 1636 1038 graecos,
1660 997 1712 1038 qui
1734 997 1844 1027 insunt

24 1052 56 1083 in
79 1048 220 1093 epistulis
241 1046 282 1080 ad
303 1047 449 1086 Atticum,
473 1045 573 1077 denuo
596 1046 774 1078 tractandos
790 1046 948 1088 elegimus,
971 1052 1007 1078 ut
1028 1058 1081 1088 pro
1105 1051 1212 1079 nostra
1235 1057 1357 1089 quoque
1380 1051 1467 1089 parte
1490 1048 1609 1079 auctori
1631 1046 1843 1078 illustrissimo

22 1101 252 1135 insewiremus.
308 1097 410 1137 Quum
439 1097 521 1129 enim
549 1098 809 1138 perquireremus,
839 1109 972 1139 quanam
1001 1099 1121 1130 ratione
1151 1098 1254 1131 Cicero
1284 1098 1393 1140 lingua
1422 1108 1534 1140 graeca
1567 1101 1720 1139 uteretur,
1748 1108 1844 1139 quum

22 1153 86 1186 alia
108 1156 174 1184 tum
197 1148 311 1182 codicis
331 1148 384 1188 M„
407 1158 485 1189 quae
509 1159 528 1180 a
550 1147 674 1180 Baitero
696 1149 727 1179 in
755 1153 905 1190 apparatu
929 1149 1032 1180 critico
1050 1148 1313 1181 Tauchnitzianac
1329 1149 1476 1181 editionis
1495 1152 1737 1180 commemorata
1759 1152 1842 1189 sunt,

20 1203 216 1237 librariorum
242 1203 345 1231 errata
367 1198 557 1240 collegimus,
585 1198 714 1231 collecta
736 1201 967 1232 accuratissime
988 1200 1245 1241 perlustravimus
1267 1211 1352 1232 nova
1374 1199 1528 1241 quaedam
1560 1199 1745 1231 emendandi
1768 1199 1842 1231 sub—

19 1254 103 1287 sidia
122 1251 305 1293 investigari
327 1259 419 1291 posse
441 1254 612 1290 sperantes.
658 1250 746 1288 Quod
769 1254 805 1282 ut
825 1250 1011 1291 faceremus,
1042 1252 1191 1283 commoti
1219 1262 1327 1282 sumus
1355 1250 1471 1282 Baiteri
1494 1250 1680 1292 quibusdam
1710 1250 1843 1282 adnota-

20 1304 168 1343 tionibus,
191 1312 270 1345 quas
293 1301 368 1342 quia
390 1299 470 1331 infra
493 1300 723 1341 usurpabimus,
746 1302 809 1332 iam
831 1301 890 1333 hoc
912 1301 977 1333 loco
1000 1302 1107 1333 afferre
1130 1302 1231 1334 liceat.
1264 1302 1425 1343 Leguntur
1447 1305 1551 1333 autem
1574 1300 1651 1333 haec
1672 1312 1700 1343 p.
1722 1300 1842 1332 XVIII:

20 1354 219 1398 ,saepissime
241 1364 270 1384 ει
290 1361 345 1393 pro
368 1363 379 1381 ι
403 1358 434 1381 et
455 1351 523 1382 vice
546 1352 653 1382 versa‘
683 1362 724 1383 sc.
755 1351 850 1383 codex
871 1352 912 1383 M.
936 1351 1087 1393 perhibet:
1118 1353 1228 1385 deinde
1250 1365 1279 1394 p.
1303 1353 1376 1384 LII:
1409 1352 1504 1392 ,nihil
1532 1351 1725 1394 frequentius
1747 1353 1779 1383 in
1800 1351 1842 1383 M.

19 1417 113 1450 quam
139 1414 238 1447 prava
265 1402 438 1434 litterarum
466 1401 661 1442 duplicatio‘.
692 1402 780 1434 ibid.:
809 1402 979 1435 litterarum
1008 1407 1057 1440 A,
1085 1406 1163 1440 ΔΛ,
1192 1406 1257 1435 ΗΝ
1283 1403 1443 1445 (addimus
1470 1402 1535 1444 Il),
1568 1405 1690 1442 ΜΛΛ,
1720 1404 1842 1439 ΙΓΤΠ,

21 1458 116 1490 ΟΘΦ
137 1457 285 1487 constans
308 1454 339 1484 in
361 1451 419 1484 hoc
441 1452 544 1484 codice
568 1457 617 1483 est
640 1452 808 1484 confusior
852 1454 887 1485 In
916 1453 973 1485 hoc
1001 1458 1105 1485 autem
1134 1455 1259 1496 negotio
1290 1453 1503 1496 persequendo
1534 1457 1570 1485 ut
1597 1454 1777 1495 scriptorem
1805 1463 1843 1484 ex

19 1509 87 1550 ipso
109 1506 260 1547 corrigere
280 1503 471 1545 propositum
496 1503 671 1541 habuimus,
696 1505 740 1536 ita
763 1508 885 1536 tantum
908 1505 1005 1541 abest,
1035 1509 1070 1536 ut
1092 1507 1198 1537 omnia
1220 1505 1283 1545 illa,
1313 1516 1392 1546 quae
1416 1515 1538 1546 semper
1560 1508 1591 1536 et
1612 1504 1726 1545 ubique
1747 1503 1842 1535 libra-

19 1560 134 1591 riorum
155 1555 353 1598 neglegentia
375 1554 407 1585 in
430 1553 528 1585 luccm
551 1555 739 1595 prodierunt,
772 1556 849 1586 vitia
872 1560 902 1587 et
926 1560 1026 1587 cri-ata
1049 1567 1274 1596 enumeremus,
1304 1560 1340 1588 ut
1367 1566 1404 1588 ea
1426 1559 1547 1587 tantum
1570 1554 1628 1587 hac
1651 1557 1841 1586 commenta-

19 1611 104 1642 tione
126 1607 299 1640 accuratius
321 1605 569 1645 tractaverimus,
599 1617 678 1647 quae
701 1606 739 1637 ab
769 1605 840 1637 aliis
862 1606 1003 1647 neglecta
1031 1606 1071 1638 ad
1093 1607 1327 1639 emendationes
1350 1610 1474 1639 nostras
1499 1604 1760 1638 commendandas
1787 1604 1842 1637 ad-

20 1662 158 1694 iumento
180 1667 249 1690 esse
272 1660 424 1698 poterant.

120 1712 163 1742 Ac
184 1709 317 1750 primum
340 1706 463 1747 quidem
487 1708 541 1746 cis,
566 1718 644 1748 quac
667 1706 810 1739 Baiterus
838 1707 1009 1747 adnotavit,
1033 1707 1105 1739 addi
1128 1718 1219 1749 possc
1242 1707 1374 1747 videtur,
1398 1708 1494 1739 etiam
1516 1708 1548 1738 in
1570 1708 1690 1749 graecis
1712 1706 1842 1738 vocibus

20 1761 174 1807 permulta
195 1763 316 1791 exstare
346 1756 487 1797 exempla
510 1759 762 1799 transpositionis
786 1758 868 1789 illius
892 1758 1069 1795 litterarum,
1100 1759 1137 1789 dc
1165 1770 1226 1800 qua
1248 1759 1488 1800 Wesenbergius
1518 1759 1548 1789 in
1572 1757 1843 1789 emendationibus

20 1825 51 1857 p.
73 1810 198 1845 31-49
225 1809 379 1840 disseruit.
425 1807 519 1848 Cujus
550 1809 673 1849 quidem
702 1810 732 1840 in
763 1809 865 1841 codice
888 1809 929 1840 M.
948 1828 988 1832 -
1012 1820 1083 1840 nam
1109 1821 1178 1841 cum
1202 1809 1325 1841 Baitero
1354 1809 1489 1841 codicem
1517 1809 1559 1840 M.
1582 1808 1673 1850 longe
1704 1808 1842 1839 omnium

21 1864 175 1907 optimum
196 1864 228 1892 et
249 1863 370 1901 praeter
392 1862 509 1890 cetoros
533 1860 757 1901 respiciendum
781 1871 849 1891 csse
872 1860 948 1892 milii
969 1871 1152 1902 persuasum
1176 1865 1224 1892 cst
1245 1879 1285 1884 —
1313 1861 1388 1892 haec
1415 1860 1478 1892 tere
1499 1859 1747 1892 luculentissima
1769 1862 1843 1890 sunt

19 1913 177 1956 exempla:

121 1964 218 1996 Binae
241 1960 362 1992 littei-ao
386 1962 592 2001 transpositae
616 1966 687 1993 sunt
711 1961 795 1993 hisce
819 1962 910 1994 locis:

251 2011 301 2051 IV,
346 2012 365 2042 6
401 2012 531 2042 Λίόιιιί
553 2030 595 2035 —
617 2011 747 2053 κόσμει

267 2062 302 2101 V,
325 2062 362 2093 21
402 2064 506 2093 ωΔιο
527 2082 567 2085 -
593 2066 696 2095 (mvl
716 2083 755 2087 —
778 2062 876 2095 ὁδοῦ

241 2112 308 2151 Vll,
352 2113 372 2143 ἱ).
406 2114 813 2147 CIIOXAEAIZONTA
836 2134 876 2138 --
901 2114 1177 2153 σπονδειάζοντα

220 2163 304 2203 VIII,
348 2163 367 2194 8
403 2166 515 2195 ΛΙΥΘ
537 2183 577 2187 ——
600 2167 711 2196 vafer

249 2214 303 2252 IX,
328 2214 367 2244 10
398 2215 644 2247 HEA‘YEINA
667 2234 707 2240 --
730 2218 874 2248 νεκυίαν

218 2265 306 2304 XIII,
345 2268 362 2291 Η
396 2265 616 2298 ΙΙΡΟΝΑΙΟ
634 2286 674 2290 -
698 2268 831 2309 προν(ο)
843 2269 904 2304 ίας

260 2316 300 2354 X,
326 2315 363 2345 13
396 2315 577 2348 Al'I-INEA
589 2319 632 2349 lc
651 2336 691 2341 -—
715 2315 875 2357 α’γενειάς

266 2369 304 2408 X,
325 2370 363 2401 10
398 2373 491 2402 lies.)
516 2388 554 2392 --
578 2369 659 2410 θεῷ
682 2368 832 2410 (Ca-Q)

247 2419 302 2459 IX,
321 2422 357 2452 17
393 2422 427 2452 ni
455 2420 487 2451 ῐιΙ
513 2418 602 2450 modo
627 2437 666 2441 m
689 2417 929 2460 (κ)ιι’ὁυνώὸή
953 2418 1104 2460 (Archet.:
1129 2418 1311 2458 kindinodc)

233 2469 299 2510 XV,
318 2473 356 2504 lv
392 2472 665 2504 mmmcmlii!
683 2488 723 2493 —
746 2470 950 2510 σχεῠεασμα.
