2100 2884
998 204 1048 239 121

121 310 218 342 audeo
241 310 362 351 dicere‘,
384 311 504 342 litteras
526 311 607 342 enim
631 310 670 342 ad
693 310 855 342 Caesarem
877 311 1015 342 miserat.
1058 309 1199 342 Eundem
1222 320 1326 352 regere
1349 321 1441 352 quam
1464 311 1588 344 difficile
1610 311 1712 352 fuerit,
1741 311 1926 354 intelligitur

122 371 159 391 ex
181 360 265 393 hisce
286 360 377 392 locis:
399 362 463 392 Att.
485 361 524 400 X,
546 361 585 393 5:
621 361 717 400 ,Quod
742 359 817 391 mihi
839 359 970 392 mandas
994 360 1031 392 de
1053 361 1166 400 Quinto
1189 360 1333 402 regendo,
1354 359 1542 402 Ἀρκαδίαν*
1564 362 1608 403 (11.
1631 372 1658 393 0.
1679 372 1827 403 magnum
1849 373 1927 404 opus

121 410 200 453 est);
221 411 260 450 X,
283 413 302 443 6
325 411 372 450 ‚de
387 411 501 450 Quinto
524 410 598 450 filio,
621 412 655 442 fit
675 422 694 442 a
712 421 761 441 me
781 409 904 451 quidem
921 410 1038 452 sedulo,
1062 411 1117 442 sed
1137 435 1144 442 .
1166 435 1173 442 .
1194 435 1201 442 .
1219 435 1226 442 .
1249 412 1332 443 nosti
1355 411 1483 453 reliqua,
1506 411 1618 443 vellem
1634 413 1824 454 suscepisses
1838 413 1927 444 iuve-

118 471 190 493 nem
211 460 398 502 regendum‘.
426 463 568 493 Avaritia
589 466 694 492 autem
717 464 749 492 et
770 471 842 502 spes
862 463 967 503 magni
991 462 1138 503 congiarii
1161 461 1271 501 fuerat,
1295 472 1348 493 cur
1370 461 1503 500 Quintus
1524 461 1607 495 fflius
1629 462 1752 495 Caesari
1773 473 1806 494 se
1828 462 1925 504 appli-

119 515 213 551 caret,
235 511 273 542 de
295 512 407 552 quibus
421 512 525 544 Cicero
548 511 587 542 ad
610 512 673 542 Att.
689 511 728 551 X,
745 512 773 549 7,
790 512 824 543 3:
847 522 1003 553 ,magnum
1025 511 1084 543 hoc
1105 511 1221 543 malum
1243 516 1301 552 est,
1324 511 1379 544 sed
1394 511 1494 543 scelus
1510 511 1595 552 illud,
1618 513 1700 554 quod
1716 515 1927 553 timueramus,

120 572 207 602 spero
229 561 350 594 nullum
372 563 477 594 fuisse.
521 561 588 593 Hoc
610 566 714 594 autem
735 563 848 594 vitium
870 567 954 604 puto,
977 565 1007 594 te
1029 563 1209 594 existimare
1230 573 1293 594 non
1315 573 1335 594 a
1355 566 1464 594 nostra
1485 562 1678 604 indulgentia
1699 564 1754 596 sed
1776 575 1795 596 a
1817 567 1929 595 natura

119 612 298 652 profectum,
321 623 413 653 quem
435 616 541 643 tamen
563 622 620 643 nos
642 612 803 654 disciplina
817 614 977 655 regemus‘,
999 613 1081 644 unde
1097 612 1197 645 elucet
1213 612 1389 645 Ciceronem
1405 623 1526 654 sperare
1547 612 1694 651 Quintum
1715 614 1813 646 filium
1835 614 1928 646 disci-

119 661 204 703 plina
224 663 256 694 in
279 667 393 694 rectam
414 664 499 694 viam
520 662 681 694 reductum
702 664 750 695 iri.
792 664 894 705 Atque
921 663 997 694 haec
1025 663 1147 704 quidem
1170 663 1277 703 attuli,
1306 674 1364 705 quo
1387 663 1509 695 facilius
1531 662 1770 704 intelligeretur,
1800 664 1873 705 quid
1895 666 1927 696 in

116 715 363 745 AKIMOAON
394 713 512 744 lateret.
568 713 615 745 Ob
648 713 679 744 id
706 714 807 754 ipsum
839 713 1008 755 spectanda
1037 718 1124 752 sunt,
1157 725 1235 755 quae
1262 713 1406 755 leguntur
1434 714 1465 744 in
1496 713 1649 755 epistulae
1676 714 1812 746 decimae
1839 725 1929 756 para-

120 762 237 804 grapho
260 768 364 795 sexta:
389 765 546 803 ‚iuvenem
567 768 709 795 nostrum
739 775 802 795 non
829 774 956 805 possum
978 774 1040 796 non
1070 774 1187 804 amare,
1216 764 1270 796 sed
1296 764 1335 795 ab
1363 775 1399 796 eo
1428 775 1498 795 nos
1527 775 1596 796 non
1625 766 1748 796 amari
1769 764 1860 806 plane
1882 767 1930 798 in-

122 814 238 855 telligo.
280 813 364 845 Nihil
392 825 448 856 ego
476 813 541 845 vidi
571 818 635 845 tam
666 812 930 856 οἷνηθοποίητον,
959 819 1023 846 tam
1045 825 1219 846 aversum
1242 825 1261 846 a
1283 815 1385 854 suis,
1409 819 1473 846 tam
1495 816 1599 847 nescio
1623 815 1696 856 quid
1719 816 1876 857 0031111115ι
1898 821 1930 848 et

123 865 153 895 in
176 864 328 906 epistulae
351 864 530 896 undecimae
553 864 747 906 paragrapho
770 865 804 896 3:
833 865 888 905 ,de
909 865 1004 897 fratre
1026 866 1112 897 satis.
1141 865 1178 896 de
1201 866 1266 896 eius
1287 865 1370 904 filio,
1392 864 1522 896 indulsit
1543 865 1585 896 illi
1610 865 1732 907 quidem
1754 870 1842 907 pater
1864 867 1930 899 eius

123 925 258 957 semper,
287 915 343 946 sed
363 925 426 947 non
448 915 523 946 facit
544 915 737 956 indulgentia
762 915 941 948 mendacem
971 919 1026 947 aut
1046 926 1176 947 avarum
1198 919 1252 946 aut
1274 926 1348 946 non
1371 920 1567 947 amantem
1590 917 1762 947 suorum‘.
1784 935 1825 939 —
1846 915 1932 948 Haec

123 966 294 998 sufficiant:
324 966 393 1006 quis
416 967 498 997 enim
520 969 582 1000 051,
611 966 683 1006 quin
707 967 821 997 sentiat
843 967 1019 998 Ciceronem
1039 970 1160 1007 praeter
1187 970 1289 997 cetera
1311 965 1428 1005 dolere,
1457 966 1538 1007 quod
1566 967 1698 1005 Quintus
1720 967 1803 998 filius
1825 978 1844 998 a
1866 967 1932 998 suis

124 1027 290 1048 aversus
312 1017 378 1056 sit,
401 1026 476 1047 suos
497 1015 692 1057 negligat,
716 1026 790 1047 suos
811 1027 884 1048 non
907 1020 1022 1049 amet!
1056 1017 1141 1055 Quae
1164 1028 1259 1058 quum
1282 1017 1327 1047 ita
1341 1017 1413 1055 sint,
1436 1017 1586 1048 eiusmodi
1602 1018 1822 1058 cogitationem
1837 1018 1932 1049 etiam

123 1068 155 1098 in
175 1067 296 1099 verbis:
326 1067 432 1106 ,modo
455 1066 577 1107 aliquod
600 1067 632 1097 in
654 1065 712 1098 hoc
735 1067 777 1097 sit
800 1065 880 1108 ἦθος
899 1069 1150 1099 ΛΚΙΜΟΛΟΝ*
1172 1067 1272 1098 inesse
1294 1066 1462 1098 verisimile
1485 1072 1541 1099 est.
1582 1067 1689 1108 Itaque
1712 1069 1743 1099 in
1765 1070 1931 1100 ΛΚΙΜΟ-

123 1120 222 1149 ΛΟΝ
240 1117 426 1149 adieetivum
455 1117 579 1158 aliquod
600 1116 696 1148 latere
726 1118 921 1157 eoniicimus,
951 1128 1009 1158 quo
1031 1118 1181 1149 indicetur
1200 1117 1376 1149 Ciceronem
1399 1121 1560 1159 exoptare,
1589 1122 1624 1149 ut
1646 1118 1779 1157 Quintus
1801 1118 1933 1150 Caesare

123 1167 228 1200 relicto
245 1167 284 1199 ad
307 1178 380 1199 suos
402 1167 515 1207 redeat,
539 1168 604 1198 suis
626 1168 866 1209 propinquus
889 1169 980 1206 fiat,
1004 1168 1085 1209 quod
1108 1168 1295 1200 adiectivum
1317 1167 1402 1199 Bosii
1423 1167 1553 1199 lectione
1576 1166 1782 1208 ,οἷνχίμολον6
1804 1170 1836 1200 111
1859 1179 1933 1200 con-

122 1222 242 1250 textum
263 1222 384 1259 recepta
403 1228 462 1249 nos
483 1218 657 1249 restituisse
678 1228 862 1259 persuasum
883 1218 1043 1250 habemus.
1087 1218 1259 1250 Lambinus
1282 1229 1351 1249 cam
1380 1219 1412 1249 in
1435 1218 1645 1258 adnotatione,
1668 1219 1722 1250 sed
1747 1222 1811 1250 tam
1835 1219 1932 1251 obiter

123 1272 360 1309 commemorat,
387 1272 421 1300 ut
449 1268 487 1300 ob
510 1268 540 1299 id
563 1269 666 1309 ipsum
694 1268 733 1299 ab
763 1269 932 1300 editoribus
960 1269 1100 1311 neglecta
1127 1279 1196 1300 esse
1216 1268 1366 1300 videatur.
1410 1268 1446 1299 In
1477 1268 1600 1300 Graevii
1623 1270 1704 1300 euim
1731 1269 1932 1311 epistularum

124 1320 162 1351 ad
185 1321 319 1351 Atticum
343 1319 490 1358 editione,
513 1329 592 1360 quae
614 1319 822 1360 antiquiorum
844 1320 996 1351 editorum
1017 1324 1108 1351 notas
1130 1320 1267 1360 integras
1291 1320 1441 1358 continet,
1465 1329 1490 1350 s.
1513 1320 1637 1350 nomine
1658 1319 1803 1351 Lambini
1824 1320 1886 1352 vol.
1903 1320 1934 1352 Π

124 1382 153 1412 p.
177 1371 237 1403 179
258 1369 385 1411 legitur:
409 1369 549 1409 ,Simeon
571 1369 684 1401 Bosius
705 1369 830 1401 volebat
852 1370 914 1412 legi
937 1368 1115 1410 α’γχίμολον
1136 1370 1167 1401 id
1190 1375 1238 1402 est
1259 1370 1463 1412 propinquum
1472 1370 1489 1409 ‘,
1513 1371 1565 1410 qui
1587 1374 1690 1401 tamen
1715 1389 1756 1393 —
1778 1380 1851 1402 nam
1871 1369 1934 1402 Bo-

124 1422 164 1452 sii
184 1421 280 1453 verba
301 1420 405 1462 paullo
426 1423 497 1461 post
519 1425 690 1462 sequuntur
711 1439 752 1443 —-
774 1418 856 1462 ἦθος
878 1421 998 1464 διδαχῇ
1019 1419 1146 1452 ἁλωτὸν
1168 1421 1259 1452 scribi
1281 1420 1377 1451 iubet.
1410 1420 1494 1458 Quae
1517 1419 1724 1462 discrepantia
1746 1431 1934 1462 quamquam

123 1473 192 1503 sine
213 1470 305 1502 dubio
327 1470 417 1502 fiuxit
443 1482 482 1502 ex
502 1470 588 1502 Bosii
610 1471 716 1502 fraude
739 1481 775 1502 ae
796 1471 925 1512 perfidia
945 1471 1074 1513 ideoque
1095 1472 1257 1513 utriusque.
1272 1470 1412 1502 lectionis
1427 1470 1519 1501 fidem
1542 1475 1715 1512 suspectam
1737 1471 1864 1503 reddere
1885 1473 1934 1503 vi-

125 1522 224 1563 detur,
253 1526 358 1553 tamen
385 1520 462 1552 illud
489 1521 574 1562 prius
601 1520 785 1562 Bosianum,
814 1526 849 1553 ut
875 1522 1023 1563 vidimus,
1050 1522 1127 1553 adeo
1155 1522 1194 1553 ad
1216 1523 1312 1553 totius
1339 1521 1398 1552 loci
1428 1521 1700 1553 conformationem
1723 1521 1869 1563 quadrat,
1899 1525 1933 1553 ut

123 1572 257 1604 libenter
287 1571 506 1613 amplectamur
538 1571 629 1612 idque
663 1582 878 1604 removeamus
906 1583 944 1604 ex
976 1583 1011 1604 eo
1042 1583 1170 1604 numero
1201 1571 1382 1610 lectionum,
1418 1583 1495 1613 quas
1522 1572 1607 1603 furca
1641 1572 1838 1613 expellendas
1868 1583 1935 1604 esse

125 1622 305 1664 Baiterus*)
329 1625 443 1653 censet.
495 1622 628 1661 Accedit,
653 1623 734 1664 quod
756 1623 869 1654 codicis
891 1623 932 1655 M.
954 1627 1054 1654 errata
1076 1623 1205 1654 somnam
1229 1620 1406 1662 α’γχίμολον
1433 1622 1664 1654 commendant:
1697 1625 1725 1654 Κ
1746 1626 1777 1654 et
1797 1625 1830 1653 Χ
1851 1633 1934 1654 com-

124 1677 285 1705 mutantur
307 1672 346 1705 ad
368 1673 430 1704 Att.
453 1672 504 1712 VI,
527 1672 547 1704 5
569 1676 708 1704 XJIKM
728 1692 770 1696 —
791 1679 844 1714 χμ’
866 1677 935 1714 χμ“;
958 1674 1043 1714 XIII,
1064 1674 1085 1705 4
1109 1675 1454 1705 (DIAOTEKNHMA
1475 1692 1516 1695 —
1538 1673 1778 1715 φιλοτέχνημα,
1806 1673 1872 1713 XV,
1895 1674 1935 1706 20

124 1724 270 1756 ΠΑΟΚΩ
293 1742 334 1746 -—-
355 1722 481 1763 πάσχω.
523 1723 641 1756 Eadem
662 1725 781 1756 ratione

671 1777 911 1808 ΛΚΙΜΟΑΟΝ
931 1779 1033 1806 ortum
1054 1779 1101 1806 est
1124 1786 1162 1807 ex

675 1828 926 1862 AXIMOAON,
949 1825 1030 1866 quod
1052 1826 1175 1867 quidem
1197 1836 1292 1857 unuin
1314 1825 1443 1867 gradum
1466 1826 1561 1858 distat
1582 1826 1622 1858 ab

671 1878 945 1908 AFXIJIOAON.

227 1926 285 1959 His
306 1926 343 1958 de
366 1928 468 1958 causis
488 1926 563 1958 illud
578 1926 747 1959 Bosianum
769 1925 945 1967 ιῖγχίμολον
967 1939 1003 1958 ex
1026 1928 1128 1959 codice
1144 1928 1354 1959 Tornaesiano
1377 1926 1533 1968 deperdito
1556 1926 1683 1958 fluxisse
1705 1926 1883 1959 crediderim
1905 1932 1936 1959 et

129 1982 279 2019 quantum
306 1978 338 2008 in
361 1988 420 2017 me,
449 1988 634 2018 quamquam
662 1988 700 2009 ex
727 1978 861 2009 Homero
889 1977 1083 2019 desmnptum
1107 1985 1173 2018 est,
1203 1978 1491 2009 commendaverim.
1534 1977 1612 2008 Nam
1635 1976 1737 2007 Cicero
1760 1988 1797 2009 ex
1819 1979 1936 2020 graecis

129 2027 299 2068 vocabulis,
322 2038 520 2070 quaecunque
544 2029 571 2059 ci
595 2029 624 2059 in
647 2032 780 2059 mentem
803 2029 941 2067 veniunt,
965 2030 1031 2060 sive
1053 2039 1090 2060 ex
1111 2034 1202 2070 poeta
1225 2029 1291 2060 sive
1315 2039 1353 2060 ex
1375 2030 1521 2069 scriptore
1544 2027 1674 2059 oriunda
1696 2032 1777 2060 sunt.
1800 2028 1858 2060 sibi
1880 2027 1935 2060 eli-

129 2089 200 2121 gere
222 2079 300 2111 solet
321 2088 419 2120 neque
447 2079 582 2120 profecto
610 2079 761 2110 vocabulo
789 2079 994 2110 usitatissimo
1025 2077 1218 2118 ᾰγχίμολον,
1247 2090 1308 2121 quo
1339 2080 1511 2110 accuratius
1539 2089 1574 2109 ac
1596 2078 1721 2109 brevius
1745 2078 1803 2110 dici
1825 2079 1935 2120 potuit.

129 2129 212 2171 quod
239 2134 274 2161 ut
299 2129 394 2160 latine
424 2130 623 2170 exprimeret,
651 2130 789 2171 pluribus
818 2129 921 2161 verbis
949 2140 1024 2170 opus
1046 2129 1117 2163 fuit,
1147 2141 1217 2161 011111
1246 2129 1276 2161 h.
1298 2129 1318 2160 l.
1341 2130 1527 2161 abstinuisse
1550 2128 1717 2159 verisimile
1740 2132 1796 2160 est.
1848 2128 1936 2167 Quod

129 2184 234 2212 tamen
256 2179 402 2220 exemplis
424 2179 577 2211 illustrare
601 2182 832 2221 accuratiusque
855 2179 1005 2221 explicare
1032 2181 1178 2221 quoniam
1200 2181 1230 2211 in
1254 2180 1424 2221 longiorem
1448 2177 1528 2209 diem
1551 2179 1687 2210 conferre
1713 2179 1803 2210 nobis
1824 2189 1935 2221 propo-

129 2231 258 2270 suimuS,
281 2241 360 2261 nunc
383 2230 505 2272 quidem
527 2230 698 2262 disserendi
720 2232 851 2262 facimus
873 2230 974 2261 finem.

187 2325 213 2357 ²)
231 2323 296 2350 edit„
314 2322 476 2349 Tauchnitz.
494 2323 545 2350 vol.
563 2323 588 2350 X
607 2323 692 2357 praes.
710 2331 735 2357 p.
754 2323 793 2349 VI
819 2323 914 2353 ,Furca
932 2322 1108 2355 exponendae
1128 2326 1205 2349 erant
1225 2329 1257 2348 ex
1275 2322 1318 2348 his
1337 2320 1465 2355 epistulis
1478 2323 1609 2354 quotquot
1622 2321 1754 2347 lectiones
1773 2329 1788 2347 a
1808 2321 1866 2348 sola
1886 2321 1935 2348 Βο-

230 2366 366 2393 sianorum
385 2365 508 2392 codicum
525 2364 693 2392 auctoritate
711 2366 867 2399 pendebant
885 2372 973 2398 neque
992 2365 1066 2392 aliud
1086 2364 1230 2397 habebant,
1250 2372 1302 2398 quo
1322 2371 1350 2391 se
1369 2363 1602 2390 commendarent!

1720 2439 1761 2479 R.
1792 2441 1834 2480 Μ.
