2100 2884
1096 189 1142 224 11

312 301 432 343 Agitur,
455 303 491 332 ut
509 297 662 338 Bosius*)
685 299 840 340 exposuit,
862 297 912 329 hic
933 296 972 328 de
995 298 1155 329 exactione
1177 294 1329 328 mercedis
1357 295 1469 328 domus
1497 296 1658 329 cuiusdam
1681 297 1910 340 Ciceronianae,
1941 310 2036 341 quam

212 351 384 394 inquilinus
413 350 524 392 aliquis
546 348 752 381 Caesarianae
779 348 924 380 factionis
953 346 1073 379 solvere
1101 346 1281 386 recusabat,
1312 346 1395 388 quod
1423 347 1482 379 sibi
1505 349 1554 380 ius
1577 359 1644 380 esse
1673 348 1789 382 diceret
1810 360 1881 382 eam
1903 351 2036 384 solidam

210 406 267 434 aut
288 407 370 435 certe
392 402 459 434 eius
480 403 601 442 partem
624 399 786 431 retinendi.
821 399 900 431 Nam
920 397 1024 430 Bootii
1041 396 1118 428 mihi
1143 399 1312 429 contortior
1337 398 1461 430 videtur
1484 399 1698 440 interpretatio
1719 400 1901 442 explicantis
1927 402 1988 434 vol.
2005 402 2036 434 Π

211 464 242 496 p.
264 453 345 486 236:
367 451 460 492 ,nosti
483 461 521 482 ex
544 460 605 491 qua
627 450 718 482 domo
741 451 794 482 isti
817 450 896 486 sint3
919 449 1002 481 nosti
1025 459 1117 490 quam
1140 447 1219 480 nihil
1241 447 1365 480 honesti
1388 449 1612 490 expectandum
1634 451 1677 482 sit
1698 450 1737 482 ab
1759 452 1851 483 istius
1873 452 1957 484 modi
1978 451 2035 484 ho-

209 503 368 536 minibus‘.
403 501 466 534 Sed
493 505 650 542 utcunque
674 511 723 532 res
745 504 802 539 est,
825 503 906 532 certe
928 499 1032 539 verba,
1057 509 1136 540 quae
1158 502 1229 540 post
1245 500 1426 531 ΕΥΛΙὨΟ
1438 503 1625 541 sequuntur:
1649 501 1838 542 ,incredibile
1861 506 1919 543 est,
1942 513 2037 544 quam

206 554 271 586 ista
290 563 353 586 non
377 553 490 595 curcm‘
513 551 633 592 docent,
656 551 833 584 Ciceronem
848 561 911 582 non
934 550 972 582 de
994 554 1084 582 caute
1104 548 1282 591 (εὐλαβῶς),
1305 549 1361 582 sed
1384 549 1421 581 de
1439 562 1533 592 quam
1551 551 1801 584 commodissime
1820 552 1915 594 (hono
1934 553 2036 595 modo,

208 601 390 646 ειῗαγῶγως)
421 602 610 635 conficiendo
639 603 804 643 cogitasse.
848 601 934 632 Adde
963 600 1044 642 quod
1073 599 1177 632 Cicero
1207 599 1313 641 paullo
1341 604 1412 641 post
1444 602 1474 632 in
1506 602 1640 643 epistula
1667 602 1708 635 25
1737 601 1820 635 hunc
1847 604 1878 634 in
1906 604 2036 636 modum

206 654 330 688 scribit:
360 654 408 693 ,de
436 654 609 686 retentione
631 652 755 694 recripsi
777 651 818 683 ad
843 655 915 684 tuas
943 654 1087 683 accurate
1115 651 1245 692 scriptas
1273 650 1411 687 litteras;
1441 652 1584 683 conficies
1607 654 1710 694 igitur,
1745 656 1777 685 et
1798 653 1923 695 quidem
1946 656 2036 687 sine

207 705 294 738 ulla
315 705 573 738 dubitatione
594 706 664 735 aut
686 703 950 734 retractione.
974 701 1033 734 hoc
1051 702 1116 733 fieri
1135 705 1166 734 et
1182 706 1304 743 oportet
1326 705 1357 733 et
1378 712 1456 743 opus
1473 703 1540 734 est‘.
1563 703 1646 734 unde
1663 708 1759 745 patet,
1781 705 1920 737 Atticum
1942 716 2036 747 quam

206 755 374 800 plurimum
405 755 444 788 ab
473 755 525 788 illo
553 753 693 786 debitore
722 754 844 796 exigere
867 753 1034 794 studuisse,
1064 753 1241 785 Ciceronem
1272 755 1377 784 autem
1399 757 1521 794 practer
1544 757 1646 785 cetera
1668 755 1697 785 id
1721 766 1824 797 agere,
1853 765 1894 787 ne
1914 756 2036 788 Atticus

206 808 338 840 nimium
360 806 476 838 laboris
498 810 529 839 et
550 805 697 845 temporis
719 805 750 835 in
774 804 927 837 eiusmodi
950 805 1084 846 negotiis
1108 807 1255 843 conterat,
1285 804 1333 835 cui
1356 803 1468 843 studio,
1493 803 1612 845 opinor,
1640 815 1766 846 prorsus
1789 811 1986 848 repugnaret,
2009 808 2037 839 si

209 858 325 898 ciem-0,
347 861 383 889 ut,
403 856 545 898 ῃῗλαβῶς
572 855 694 889 Atticus
722 856 826 887 omnia
855 856 1028 894 conficeret,
1061 854 1242 897 postularet.
1284 854 1423 886 Litterae
1450 854 1583 896 denique
1608 857 1638 886 T
1658 859 1688 887 et
1712 859 1742 886 B
1765 867 1858 898 quum
1881 868 2037 900 nusquam

210 909 292 941 inter
313 919 347 940 se
370 910 577 940 commutatae
600 906 632 937 in
655 905 780 938 Graecis
802 906 917 938 codicis
938 907 979 938 M.
1002 906 1164 938 vocabulis
1185 906 1396 946 inveniantur,
1419 904 1496 937 nihil
1519 906 1635 945 obstat,
1659 908 1825 948 quominus
1842 909 1955 940 reiecto
1978 919 2035 941 vo-

209 959 319 992 cabulo
347 957 490 998 ειῖλαβῶς
511 956 597 989 Bosii
626 957 876 989 emendationem
904 955 1071 997 εὕαγώγως
1098 958 1129 989 in
1153 959 1333 989 contextum
1361 957 1556 998 recipiamus.
1600 957 1642 989 Et
1670 958 1807 999 profecto
1836 958 1960 998 syllaba
1982 962 2035 992 1⁸52

206 1009 352 1042 facillime
373 1012 446 1041 ante
469 1007 625 1047 syllabam
648 1010 734 1040 mc
752 1008 893 1040 excidere
914 1010 1028 1050 potuit.

307 1059 421 1092 Restat
442 1063 479 1091 ut
501 1059 538 1090 de
560 1059 636 1091 locis
660 1059 760 1091 tribus
782 1059 879 1091 verba
902 1060 1026 1100 faciam,
1055 1060 1086 1090 in
1117 1058 1230 1100 quibus
1258 1060 1402 1100 genuinis
1431 1070 1560 1100 prorsus
1590 1058 1671 1091 aliae
1698 1060 1823 1092 litterae
1846 1061 2037 1094 substitutae

206 1114 290 1144 sunt.
333 1111 377 1143 Ac
398 1111 540 1152 proxima
562 1109 686 1151 quidem
714 1109 791 1142 mihi
815 1111 948 1142 occuli-it
973 1110 1043 1142 libri
1066 1110 1092 1141 V
1115 1108 1248 1152 epistula
1278 1110 1316 1141 10
1345 1110 1477 1142 Athenis
1500 1111 1616 1152 scripta
1644 1121 1664 1142 a
1686 1110 1832 1143 Cicerone
1855 1112 1886 1143 in
1909 1113 2036 1154 provin-

205 1162 286 1194 ciam
309 1161 454 1194 abeunte.
499 1160 531 1192 Is
553 1171 646 1202 quam
669 1161 789 1192 invitus
812 1160 937 1193 Italiam
961 1161 1119 1203 reliquerit
1145 1171 1320 1202 munusque
1349 1161 1409 1192 sibi
1432 1161 1670 1193 infestissimum
1699 1161 1845 1202 subierit,
1874 1164 1954 1195 satis
1976 1174 2033 1195 no-

203 1215 272 1244 tum
294 1216 352 1244 est.
396 1211 508 1253 Itaque
538 1211 615 1243 haec
641 1222 765 1254 quoque
789 1212 933 1253 epistula,
961 1223 1055 1254 quam
1083 1213 1115 1243 in
1137 1213 1247 1244 itinere
1276 1212 1417 1253 scripsit,
1445 1211 1538 1253 plena
1561 1216 1609 1244 est
1631 1214 1833 1261 querelarum,
1861 1225 1898 1246 cx
1921 1214 2034 1256 quibus

202 1261 281 1296 haec
302 1263 441 1305 profero:
466 1287 488 1302 ,.
505 1287 512 1294 .
530 1286 537 1294 .
568 1273 690 1304 angor
712 1263 868 1294 intimis
891 1263 1088 1301 sensibus;
1120 1264 1177 1294 ita
1198 1262 1326 1294 multa
1347 1262 1413 1294 vel
1431 1263 1615 1295 iracunde
1638 1263 1699 1295 vel
1721 1264 1945 1296 insolenter
1966 1266 2029 1298 vel

204 1314 244 1345 in
265 1314 366 1345 omni
388 1323 533 1355 genere
556 1312 765 1345 stultitiae
788 1313 965 1345 insulsae
988 1313 1147 1355 (Wesenb.
1170 1324 1224 1355 pro
1249 1313 1405 1354 ,insulseg
1428 1314 1510 1355 quod
1534 1314 1622 1346 codd.
1654 1315 1818 1359 praebent)
1846 1326 2035 1359 arrogan-

207 1368 271 1397 ter
292 1367 332 1396 et
352 1363 545 1396 dicuntur
573 1367 611 1395 et
640 1367 826 1395 tacentur
850 1364 1014 1396 cotidie.
1060 1365 1160 1405 Quae
1182 1375 1257 1396 non
1287 1376 1361 1406 quo
1392 1368 1429 1396 tc
1458 1365 1594 1403 celem,
1622 1376 1698 1398 non
1725 1366 1943 1409 perscribo,
1965 1367 2035 1399 sed

205 1415 301 1458 quia
321 1415 751 1447 AYCCEKIAAHTA
774 1419 886 1447 sunt‘.

305 1464 404 1497 Valde
425 1466 529 1505 miror,
552 1464 634 1506 quod
657 1466 845 1497 recentiores
868 1466 1003 1498 editores
1033 1466 1064 1499 h.
1087 1466 1106 1498 l.
1130 1476 1168 1498 ne
1191 1465 1290 1497 obiter
1312 1465 1438 1506 quidem
1462 1466 1607 1507 Turnebi,
1636 1470 1673 1499 ut
1694 1467 1771 1500 mihi
1793 1468 1920 1510 quidem
1943 1468 2032 1501 vide-

207 1520 269 1558 tur,
291 1515 541 1549 emendationem
564 1517 771 1548 rectissimam
795 1522 1086 1558 commemorarunt,
1110 1518 1162 1558 qui
1184 1518 1230 1548 ita
1252 1516 1372 1548 scribit:
1400 1521 1486 1559 ,puto
1510 1517 1676 1560 legendum
1699 1517 1927 1562 δυςεκλοῖλητα,
1951 1519 2034 1562 quod

205 1572 238 1600 et
262 1567 362 1600 vetcn‘
385 1567 556 1608 scripturae
584 1577 603 1598 a
630 1566 764 1598 Victorio
788 1570 965 1609 propositae
988 1569 1348 1601 AYCCEKIAAHTA
1378 1568 1472 1600 affine
1504 1573 1553 1600 est
1578 1572 1610 1600 et
1631 1570 1807 1601 sententiae
1829 1570 1972 1612 quadrat,
1997 1574 2034 1602 ut

208 1629 244 1651 se
266 1622 359 1660 neget
382 1617 569 1659 perscribere
592 1627 630 1648 ea
652 1628 753 1658 posse,
777 1630 857 1659 quae
880 1619 1100 1651 inenarrabilia
1128 1618 1192 1660 (vel
1219 1619 1325 1659 potius
1355 1618 1493 1651 difficilia
1515 1620 1554 1651 ad
1577 1620 1799 1663 enarrandum)
1826 1623 1920 1653 sunt‘.
1964 1621 2036 1653 Una

209 1669 294 1701 enim
315 1668 422 1700 littera.
450 1668 463 1700 I
488 1669 519 1699 in
551 1671 584 1699 Λ
611 1672 734 1700 mutata
763 1674 893 1710 apparet
919 1670 1107 1702 vocabulum
1130 1670 1475 1702 AYCEKAAAHTA
1498 1671 1579 1702 oriri.
1628 1670 1778 1703 Similiter
1799 1673 1831 1704 in
1859 1671 1932 1703 libri
1955 1671 2034 1703 XIII

211 1719 349 1762 epistula
379 1720 420 1751 39
449 1720 629 1761 genetivum
656 1718 832 1756 Παλλάδος
870 1720 1077 1762 depravatum
1114 1720 1266 1751 cernimus
1289 1720 1320 1751 in
1350 1720 1602 1752 HAAAIAO.C'
1650 1722 1787 1763 Accedit,
1817 1723 1900 1765 quod
1929 1722 2035 1763 verba,

210 1780 292 1813 quae
313 1774 502 1811 sequuntur:
532 1770 653 1811 ,itaque
679 1770 872 1802 admirabere
901 1782 1002 1803 nicam
1025 1771 1214 1813 βαθιῗτητα,
1242 1782 1339 1812 quum
1361 1770 1443 1802 salvi
1467 1771 1664 1809 redierimus;
1695 1776 1786 1805 tanta.
1814 1773 1890 1805 mihi
1918 1773 2035 1815 μελέτη

208 1820 304 1852 buius
325 1822 452 1852 virtutis
475 1821 576 1852 datur‘
600 1820 778 1852 hauddubie
797 1833 865 1853 cum
889 1822 1088 1854 cavillatione
1111 1821 1245 1863 quadam
1268 1821 1378 1854 addita
1400 1826 1483 1862 sunt,
1512 1822 1552 1854 ad
1575 1834 1668 1864 quam
1690 1825 1776 1855 notio
1800 1823 1965 1864 ,efl'e1·endi,
1989 1824 2034 1855 es-

207 1871 360 1911 futiendi‘,
383 1883 463 1913 quae
485 1875 533 1902 est
557 1873 587 1903 in
611 1871 765 1903 adiectivo
789 1872 1026 1914 δι’ςεκλιὶληιος,
1055 1874 1172 1914 optime
1194 1873 1337 1913 quadrat.
1381 1873 1520 1915 Denique
1549 1884 1627 1915 quae
1651 1885 1670 1905 a
1692 1875 1802 1906 ceteris
1826 1875 1971 1906 omnibus
1993 1874 2034 1907 ad

211 1921 293 1954 hunc
314 1922 415 1954 locuni
437 1922 611 1954 sanandum
634 1923 811 1964 propositae
842 1929 913 1954 sunt
937 1924 1179 1963 emendationes,
1209 1923 1247 1954 ad
1272 1934 1366 1954 unam
1395 1935 1502 1956 omnes
1526 1925 1650 1966 longius
1673 1925 1793 1957 distant
1814 1937 1834 1957 a
1856 1926 1970 1957 codicis
1990 1925 2033 1958 Μ.

209 1974 363 2014 vestigiis,
386 1984 478 2014 quam
502 1978 537 2004 ut
560 1973 776 2004 Turnebianae
800 1979 1039 2016 anteponantur.
1083 1975 1169 2013 Quae
1191 1985 1284 2015 quum
1311 1985 1419 2006 omncs
1446 1975 1579 2006 eundem
1602 1975 1665 2007 fer<-
1689 1987 1814 2008 sensum
1837 1987 1873 2007 ac
1897 1975 2033 2008 Turnebi

209 2024 386 2055 emendatio
409 2034 482 2064 prae
510 2034 542 2054 sc·
567 2024 667 2055 ferant
690 2024 757 2065 (cfr.
781 2026 931 2057 Ort-llius:
961 2023 1174 2063 ὀιιςεξελικτοῖ,
1203 2025 1362 2056 Baiterus:
1392 2025 1606 2067 δι’ςεξείλητα,
1628 2025 1751 2063 Rosius,
1774 2026 2031 2069 Wesenbergius:

209 2073 413 2116 δυςεξίμητα,
436 2074 489 2105 alii
513 2074 598 2117 alia),
622 2075 854 2107 Turnebianuin
879 2077 952 2107 illud
978 2074 1194 2117 ὁνςεκλιῖλητα
1219 2076 1284 2107 iure
1307 2075 1382 2107 mihi
1406 2076 1582 2108 defendisse
1604 2077 1720 2108 videor.

308 2124 427 2156 Deinde
450 2125 549 2156 facere
572 2136 633 2157 nou
656 2137 793 2167 possum,
818 2128 890 2168 quin
914 2127 983 2158 libri
1001 2126 1042 2157 VI
1065 2125 1231 2167 epistulam
1249 2126 1269 2157 5
1291 2126 1418 2158 afferam
1436 2138 1551 2169 magna
1574 2137 1613 2159 ex
1635 2133 1722 2169 parts·
1746 2138 1904 2169 graecam:
1927 2127 2031 2160 Cicero

263 2236 288 2267 ΙΥ)
306 2234 404 2262 Bosius
423 2234 466 2261 ad.
487 2234 512 2261 h.
533 2234 561 2260 l.:
587 2236 688 2262 Caesar
708 2236 851 2268 inquilinis
870 2236 1007 2262 mercedes
1022 2236 1130 2262 aedium
1149 2235 1231 2262 unius
1251 2235 1323 2267 anni.
1349 2243 1418 2269 quae
1438 2236 1606 2269 quingentas
1625 2237 1770 2263 drachmas
1789 2244 1842 2263 nou
1858 2237 2031 2268 excederent,

306 2277 460 2307 remiserat,
475 2280 503 2302 ut
524 2277 564 2302 ait
580 2277 630 2303 Dio
651 2277 718 2303 libro
737 2280 776 2305 42.
798 2279 857 2304 ideo
876 2278 984 2304 dicebat
1005 2278 1152 2304 Trebatius
1169 2286 1261 2305 omues
1281 2278 1436 2311 inquilinos,
1456 2279 1553 2305 nedum
1574 2278 1752 2305 Caesarianos
1772 2281 1889 2311 tantum,
1909 2287 1940 2306 ea
1961 2287 2029 2305 tuer-

307 2319 402 2346 cedum
416 2319 570 2345 retentione
590 2323 655 2345 tuuc
674 2321 714 2346 uti
735 2320 917 2346 consuevisse.
944 2321 1042 2352 ltaque
1056 2321 1150 2346 Fies-ro
1170 2320 1326 2354 praefracte
1345 2321 1459 2347 nolebat
1476 2321 1523 2354 agi
1544 2329 1603 2346 cnui
1624 2320 1670 2346 illo
1692 2319 1835 2352 inquilino.
1859 2329 1875 2347 a
1895 2329 1946 2353 quo
1962 2329 2030 2347 rucr-

308 2360 400 2387 cedem
414 2361 606 2387 conducturum
621 2362 728 2388 muium
743 2363 881 2395 exigebat,
901 2363 947 2389 sed
964 2363 1037 2389 sacili
1052 2364 1167 2395 quo-lain
1183 2362 1268 2393 inodo.
1287 2366 1319 2388 ut.
1337 2362 1359 2389 si
1380 2363 1425 2389 illc
1441 2362 1582 2389 honestam
1598 2362 1782 2388 conditionem
1798 2363 1881 2390 etiam
1897 2363 2032 2390 modicam

306 2403 400 2433 ferret.
419 2412 477 2429 eatu
497 2404 606 2429 Atticus
627 2413 658 2431 ne
679 2410 826 2437 respueret.
865 2405 923 2430 Non
944 2406 1024 2437 longe
1043 2409 1176 2430 remotum
1195 2412 1209 2430 e
1228 2404 1338 2431 notione
1358 2405 1452 2438 graeci
1478 2405 1558 2431 buius
1583 2404 1707 2430 adverbii
1726 2404 1881 2440 ιῦηγαὶγως,
1906 2405 1977 2437 quod
2003 2404 2031 2432 in

308 2446 359 2472 fine
379 2445 459 2471 huius
473 2446 609 2478 epistulae
630 2446 699 2472 idem
714 2447 806 2472 t'iccro
825 2447 910 2473 dixit:
931 2446 1009 2477 ,hono
1025 2446 1117 2472 modo·.
1137 2460 1166 2465 —
1188 2447 1263 2473 llaec
1278 2447 1362 2473 verba
1382 2447 1464 2477 Bosii,
1485 2446 1589 2480 opinor,
1609 2450 1664 2473 tam
1685 2446 1829 2480 perspicua
1849 2451 1920 2477 sunt.
1940 2451 1971 2473 ut
1989 2446 2029 2474 sa-

305 2487 355 2514 cile
376 2495 398 2513 v.
417 2487 561 2522 ειῐαγιιίγως
581 2489 605 2514 h.
625 2489 640 2515 l.
660 2492 734 2515 reete
753 2489 913 2516 restitutum
933 2497 999 2520 esse,
1019 2488 1208 2515 assentiamur,
1813 2525 1829 2543 *

1786 2528 1802 2545 c)
